2608 4300
189 406 230 464 ao
412 400 486 463 vn.
523 407 550 476 1,
567 408 596 475 2,
614 406 642 461 a.
689 397 903 478 (nicrinus.)

227 547 291 604 liene
305 548 431 604 consulit.
465 545 524 604 IX.
540 546 577 603 In
588 545 688 602 Asiam
702 547 813 601 transit.
851 543 893 601 X.
910 545 945 602 In
955 545 1085 623 Phrygio
1139 577 1144 586 ·

226 627 398 704 interficitur.
428 625 498 681 “XL
521 624 679 681 Alcibiadis
693 624 755 681 icus
769 635 795 679 et
810 625 982 699 vituperatio.

149 787 162 840 1
226 783 251 838 Ι.
286 782 461 864 Alcihiides,
487 782 588 838 Cliniae
614 781 699 845 filine,
721 779 926 836 Atheniensis„
970 782 1004 837 In
1028 781 1084 838 hnc
1162 817 1164 820 -

186 871 296 926 natura,
318 862 385 934 quid
408 861 522 916 efficere
545 860 644 933 possit,
667 859 777 914 videtur
799 871 924 932 experta.
967 860 1086 916 Constat

188 940 264 996 enim
293 940 365 1012 inter
393 958 502 1006 omnes
531 939 578 1010 qui
609 938 644 993 de
666 956 700 992 eo
725 939 868 992 memoriae
895 937 1085 1012 prodiderunt,

187 1018 259 1073 nihil
282 1015 330 1073 illo
353 1017 442 1073 suisse
466 1017 663 1100 excellentip8‚
686 1015 731 1071 rel
755 1017 784 1070 in
807 1017 892 1084 vitiis,
916 1017 961 1071 vel
982 1018 1010 1072 in
1031 1018 1086 1073 vir·

147 1098 166 1150 2
188 1096 300 1152 tutibus.
344 1096 436 1150 Natus
458 1096 487 1150 in
508 1095 682 1169 amplissima
702 1095 825 1161 civitate,
841 1114 949 1151 summo
971 1112 1086 1168 genere,

187 1175 312 1230 omnium
340 1175 430 1234 aetatis
457 1193 516 1229 suae
551 1173 636 1229 multo
664 1172 894 1251 formosissimus,
923 1173 958 1228 ad
986 1193 1085 1229 omnes

187 1271 234 1308 res
256 1266 345 1327 aptuS,
368 1252 535 1325 consiliique
557 1252 667 1326 plenus.
711 1251 842 1324 Namque
864 1252 1014 1325 imperator
1034 1252 1086 1308 fuit

188 1350 314 1387 summus
330 1342 357 1386 et
372 1332 444 1386 mari
459 1341 487 1386 et
501 1329 594 1396 terra}
617 1329 748 1396 disertus,
763 1343 791 1384 ut
807 1330 945 1404 imprimis
963 1331 1102 1386 dicendo*

188 1411 304 1479 valeret,
326 1410 401 1483 quod
425 1421 502 1464 tanta
525 1420 584 1464 erat.
607 1408 814 1484 commendatio
837 1409 893 1484 oris
918 1421 1000 1481 atque
1021 1427 1083 1464 ora-

149 1492 166 1544 3
188 1487 283 1557 tionis,
304 1501 333 1544 ut
356 1507 441 1544 nemo
467 1489 494 1542 ei
519 1487 642 1543 dicendo
667 1497 765 1560 posset
788 1487 942 1554 resistere}
974 1487 1086 1554 deinde,

188 1585 272 1640 quum
300 1578 411 1640 tempus
439 1572 581 1640 posceret,
610 1563 777 1630 laboriosus,
802 1565 930 1639 patienss
950 1565 1086 1634 liberaliS,

190 1641 355 1717 splendidus
380 1663 437 1698 non
462 1645 554 1698 minus
579 1645 609 1697 in
630 1639 695 1709 vit'a,
717 1662 800 1715 quam
825 1644 922 1718 victu;
955 1644 1087 1712 affabilis,

149 1722 317 1790 Ablandus
353 1722 524 1795 temporibus
560 1720 746 1794 callidissime
782 1722 952 1777 inserviens.
997 1721 1086 1800 Idem,
1114 1748 1120 1762 ··

190 1801 274 1856 simul
290 1819 322 1854 ac
338 1819 370 1855 se
386 1801 542 1876 remiserat,
555 1818 646 1871 neque
662 1819 751 1854 causa
766 1802 888 1874 suberat,
900 1798 984 1873 quare
1000 1801 1087 1856 animi

190 1879 314 1933 laborem
340 1878 487 1952 perferret,
517 1879 687 1945 luxuriosus
718 1878 881 1947 dissolutus,
910 1879 1088 1948 libidinosae,

189 1957 382 2030 intemperans
408 1957 609 2030 reperiebatur,
637 1950 793 2014 ut''omnes
822 1957 1033 2025 admirarentur,
1058 1959 1088 2014 in

189 2052 246 2090 uno
267 2034 381 2090 homine
403 2045 510 2091 tantam
533 2033 599 2092 esse
624 2036 893 2105 dissimilitudinem,
914 2045 1026 2110 tamque
1047 2036 1089 2092 di·

190 2131 302 2168 versam
316 2125 452 2169 naturam.
1153 2165 1157 2172 .

230 2192 270 2247 ΙΙ.
302 2191 448 2247 Educatus
474 2202 518 2248 est
538 2193 566 2248 in
589 2193 671 2248 domo
694 2193 799 2248 Pericli
829 2193 988 2269 (privignus
1014 2195 1090 2250 enim
1165 2187 1174 2220 ³

191 2271 253 2344 ejus
268 2270 357 2326 luisse
370 2262 495 2345 dicitur),
509 2271 634 2328 eruditus
646 2291 663 2327 a
677 2271 807 2328 Socrate.
845 2273 981 2328 Socerum
993 2272 1091 2328 habuit

187 2349 394 2423 Hipponicum,
409 2349 532 2406 omnium
550 2349 651 2407 Graeoa
671 2350 769 2422 lingua
788 2350 960 2422 loquentium
981 2351 1090 2406 divitis-

191 2428 302 2496 simum,
331 2439 369 2495 ut,
398 2428 423 2483 si
451 2428 514 2502 ipse
543 2429 649 2502 fingere
671 2427 766 2504 vellet,
787 2446 878 2502 neque
896 2429 988 2500 plura
1016 2431 1091 2500 bona
1151 2454 1155 2460 ·

191 2507 347 2576 reminisci,
361 2525 454 2581 neque
473 2507 578 2581 majora
597 2516 695 2582 posset
714 2506 859 2580 c'onsequi,
874 2524 956 2578 quam
971 2507 1016 2562 rel
1036 2507 1091 2562 lor-

179 2597 258 2642 tuna
273 2587 319 2642 vel
334 2598 433 2642 natura
448 2586 589 2642 tribuerat.
688 2651 693 2662 .
1103 2655 1105 2660 ,
1134 2585 1136 2588 ’

154 2669 167 2720 l
231 2664 287 2720 ΙΙΙ.
310 2665 392 2721 Bello
408 2664 619 2739 Peloponnesio
633 2664 716 2741 hujus
733 2664 852 2737 consilio
868 2671 951 2738 atque
973 2664 1091 2731 auctori-

191 2753 248 2798 tate
275 2743 471 2802 Athenienses
497 2744 600 2800 bellum
625 2745 817 2819 Syracusanis
840 2743 1020 2800 indixerunt:
1055 2743 1092 2799 ad

191 2821 266 2893 quod
291 2823 447 2894 gerendum
471 2823 534 2896 ipse
556 2824 613 2879 dux
634 2821 764 2880 delectus
786 2833 850 2890 est3
876 2823 931 2878 duo
955 2817 1092 2896 praeterea

152 2902 171 2955 2
194 2899 313 2973 collegae
336 2898 403 2963 dati,
425 2891 528 2954 Nicias
549 2913 578 2955 et
599 2901 772 2978 Lamachus.
816 2901 849 2956 ld
867 2919 952 2973 quum
972 2919 1091 2975 appara-

192 2989 277 3045 retur,
297 2977 375 3052 prius
396 2995 480 3048 quam
501 2977 607 3031 classis.
626 2979 726 3043 exiret,
746 2977 860 3041 accidit,
880 2988 910 3030 ut
930 2995 986 3032 una
1007 2990 1092 3034 nocte
1135 2980 1142 2994 ⁸

192 3073 292 3110 omnes
318 3055 444 3122 Hermae,
466 3054 513 3126 qui
541 3054 569 3108 in
593 3053 696 3125 oppido
723 3052 959 3119 erant-Athenis,
986 3052 1093 3126 dejice-

193 3144 296 3200 rentur,
324 3143 425 3204 praeter
459 3149 553 3198 unum,
582 3129 630 3203 qui
665 3141 729 3184 ante
760 3130 877 3202 januam
907 3141 966 3184 erat
998 3133 1094 3189 Ande·

146 3215 171 3276 ,3
194 3209 276 3264 cidis.
328 3209 425 3280 Itaque
449 3208 497 3262 ille
520 3216 620 3281 postea
645 3207 805 3270 Mercurius
830 3207 1115 3275 Andocides'voci-¹

161 3295 266 3353 'tatus
282 3287 334 3348 est.
379 3283 444 3340 Hoc
459 3303 543 3357 quum
559 3297 715 3359 appareret
730 3292 790 3341 'non
813 3286 876 3342 sine
898 3289 1002 3363 magna
1022 3292 1094 3347 mul·
1132 3282 1136 3288 ’

193 3378 283 3421 torum
313 3364 503 3420 consensione
532 3383 598 3420 esse
623 3365 738 3440 sactum,
764 3365 838 3438 quod
861 3384 918 3422 non
943 3369 978 3424 ad
1003 3370 1094 3444 priva-

108 3509 116 3522 Ν
193 3455 259 3508 tam,
285 3444 337 3520 sed
359 3443 394 3498 ad
414 3443 555 3516 publicam
576 3462 635 3499 rem
656 3445 819 3518 pertineret,
835 3464 953 3520 magnus
973 3448 1094 3505 multitu·

194 3522 253 3578 dini
268 3523 350 3577 timor
364 3531 409 3576 est
423 3521 554 3594 injectus
569 3541 606 3578 ne
621 3541 675 3596 qua¹
694 3523 843 3597 repentina
865 3525 907 3580 vis
930 3527 959 3581 iri
980 3527 1094 3583 civitate

155 3601 356 3668 densisteret,
388 3601 638 3672 quaelihertatem
664 3597 836 3675 opprimeiet
863 3603 969 3676 populi.
1026 3605 1093 3663 Hoc

194 3678 319 3734 maxime
335 3678 487 3733 convenire
502 3679 534 3736 in
547 3676 727 3735 Alcibiadem
742 3680 898 3747 videbatur,
913 3680 1031 3753 quodfer
1045 3685 1095 3755 po'-

195 3756 297 3811 tentior
312 3766 339 3811 et
353 3756 450 3830 major,
465 3774 550 3828 quam
570 3757 707 3831 privatus,
722 3757 954 3817 existimabatur·
986 3759 1095 3816 Multos
1186 3783 1188 3788 ·
