2608 4300
378 379 502 445 XXIII.
549 386 575 453 l,
590 386 620 443 2.
668 377 871 460 (Hannibal.)
1035 385 1077 444 ab

293 767 506 842 XXIII.
559 768 941 842 HANNIBAL.

547 953 705 968 m

193 1075 217 1132 I.
243 1075 411 1148 Hannibal,
433 1077 609 1138 Hamilcaris
624 1079 717 1216 pitito,
746 1078 997 1154 Carthaginiensis.
1047 1080 1078 1138 Si
1102 1084 1116 1138 l

154 1171 262 1212 verum
289 1169 347 1228 cst,
370 1158 445 1234 quod
474 1177 559 1216 nemo
583 1159 621 1217 du
643 1159 703 1228 itai,
731 1169 761 1215 ut
784 1158 908 1234 populus
931 1157 1080 1216 Romanus

153 1251 257 1290 omnes
288 1248 394 1314 gentes
419 1237 525 1295 virtute
553 1238 709 1312 superarit,
736 1256 792 1294 non
818 1246 861 1294 est
888 1236 1079 1306 infitiandum,

154 1309 366 1373 Hannibalem
391 1327 469 1373 tanto
494 1318 659 1392 prestitisse
680 1326 791 1374 ceteros
812 1316 1000 1392 imperatores
1014 1334 1079 1390 pru·

154 1388 266 1463 dentis,
283 1406 396 1470 quanto
420 1395 545 1471 populus
570 1395 720 1452 Romanus
741 1393 893 1452 antecedat
915 1393 1080 1452 fortitudine

155 1482 285 1530 cunctas
311 1475 453 1531 nationes.
494 1473 574 1530 Nem
598 1475 836 1549 quotiescumque
862 1491 930 1531 oum
955 1493 990 1530 eo
1013 1491 1078 1530 con·
1100 1477 1119 1530 2

154 1565 282 1622 gressus
298 1562 344 1610 est
368 1553 399 1609 iu
413 1552 506 1622 Italia,
522 1571 637 1629 semper
660 1553 791 1610 discessit
811 1553 952 1628 superior.
994 1551 1080 1616 Quod

155 1627 213 1683 nisi
238 1629 322 1688 domi
347 1632 457 1690 civium
472 1650 591 1689 suorum
615 1631 725 1688 invidia
745 1631 909 1688 debilitatus
923 1641 1006 1700 esset,
1023 1631 1078 1688 Ro·

157 1723 264 1766 manos
281 1709 433 1788 videretur
447 1728 586 1786 superare
601 1712 737 1786 potuisse.
779 1710 836 1768 Sed
858 1710 1015 1768 multorum
1029 1711 1076 1768 ob·

156 1789 297 1847 trectatio
312 1789 420 1846 devicit
446 1791 533 1847 unius
549 1790 694 1846 virtutem.
737 1788 796 1846 Hic
811 1799 908 1848 eutem
923 1789 1004 1847 velut
1028 1789 1076 1848 he·
1099 1793 1117 1847 3

158 1863 288 1924 reditate
312 1869 447 1925 relictum
474 1868 571 1925 odium
597 1878 749 1943 paternum
770 1887 840 1945 erge
867 1867 1010 1926 Romanos
1034 1869 1077 1926 sic

157 1947 360 2014 conservavit,
376 1958 407 2004 ut
423 1947 504 2024 prius
518 1948 655 2016 animam,
667 1966 754 2022 quam
770 1947 806 2017 id,
821 1948 1002 2024 deposuerit:
1024 1949 1077 2023 qui

158 2022 294 2095 quidem,
309 2044 402 2100 quum
423 2026 517 2102 patria
532 2027 634 2100 pulsus
649 2036 734 2094 esset,
749 2036 778 2082 et
803 2026 965 2085 alienarum
989 2045 1077 2102 opum

160 2099 319 2179 indigeret,
334 2121 496 2180 numquam
518 2104 658 2162 destiterit
682 2105 778 2162 animo
799 2105 907 2164 bellare
929 2125 998 2164 cum
1021 2105 1076 2162 Ro·

161 2197 272 2238 manis.

201 2259 241 2316 II.
266 2260 346 2318 Nam
361 2272 394 2318 ut
407 2262 535 2318 omittam
551 2261 725 2338 PhiIIppum,
740 2281 827 2338 quem
842 2262 946 2320 absens
968 2263 1076 2320 hostem
1100 2265 1114 2319 l

163 2339 288 2396 reddidit
303 2339 461 2396 Romanis:
476 2340 605 2398 omnium
620 2341 664 2398 his
679 2341 854 2417 temporibus
866 2341 1078 2416 potentissimus

163 2434 214 2474 rex
246 2419 412 2476 Antiochus
438 2417 502 2476 fuit.
544 2419 633 2476 Hunc
662 2430 742 2476 tenta
766 2419 922 2495 eupiditate
950 2419 1079 2475 incendit

164 2494 303 2564 bellandi,
314 2507 345 2554 ut
360 2517 452 2572 usque
468 2517 486 2554 e
500 2499 587 2555 rubro
602 2499 676 2555 mari
691 2517 773 2556 arma
784 2509 905 2555 conatus
919 2498 955 2554 sit
969 2495 1077 2553 iuferrc

164 2573 268 2632 ltaliae.
312 2577 360 2633 Ad
381 2594 470 2652 quem
484 2595 574 2651 quum
600 2577 689 2652 legati
711 2578 856 2635 venissent
879 2575 1012 2643 Romani,
1027 2575 1077 2650 qui
1098 2579 1117 2631 2

164 2653 199 2710 de
215 2655 281 2729 ejus
290 2654 438 2713 voluntate
448 2656 641 2731 explorarent,
652 2655 809 2730 darentque
819 2671 936 2728 operam
951 2653 1078 2712 consiliis

163 2733 363 2802 clandestinis
380 2743 411 2790 ut
434 2733 631 2791 Hannibalem
653 2735 682 2790 in
697 2734 889 2809 suspicionem
905 2733 967 2808 regi
990 2731 1077 2791 addu-

164 2822 275 2880 cerent,
291 2821 440 2887 tamquam
461 2813 498 2870 ab
518 2814 588 2888 ipsis
602 2822 771 2889 corruptum
793 2811 859 2880 alia,
875 2821 961 2885 atquc
983 2823 1076 2880 antea,

163 2891 292 2960 sentite3
326 2909 421 2966 neque
450 2891 478 2948 id
505 2891 612 2948 frustra
637 2890 783 2959 fecissent,
813 2889 899 2966 idque
927 2889 1076 2948 Hannibal

163 2970 362 3044 comperisset,
386 2988 476 3046 seque
501 2971 537 3026 ab
562 2969 747 3027 interioribus
775 2970 903 3027 consiliis
927 2972 1076 3048 segregari

164 3047 301 3106 vidisset:
318 3058 446 3123 tempore
457 3049 523 3106 dato
535 3049 605 3105 adiit
614 3049 649 3105 ad
664 3067 773 3124 regem,
783 3049 868 3124 eique
882 3067 973 3124 quum
985 3050 1076 3106 multa
1098 3053 1116 3106 3

163 3125 200 3182 de
226 3126 284 3183 fide
305 3146 359 3184 sua
383 3137 412 3184 ct
435 3127 500 3184 odio
523 3128 553 3184 in
579 3127 726 3184 Romanos
746 3138 1007 3196 commemorasset,
1024 3128 1078 3186 hoc

164 3203 315 3279 adjunxit:
338 3204 438 3274 Pater,
464 3207 567 3281 inquit,
592 3225 678 3275 meua,
704 3204 861 3275 Hamilcar,
883 3207 1002 3279 puerulo
1025 3226 1076 3278 me,

163 3291 254 3358 utpote
268 3303 323 3340 non
337 3285 458 3358 amplius
482 3303 577 3342 novem
591 3303 679 3342 aereos
692 3293 765 3354 nato,
787 3287 816 3340 ia
837 3281 1007 3359 Hispaniam
1028 3289 1075 3344 irn-

160 3372 276 3436 peretor
287 3363 467 3440 prtfieiscens
491 3363 670 3439 Cartbagine,
685 3361 862 3438 Jovicptimo
881 3368 998 3422 maximo
1017 3365 1076 3424 lios-

84 3448 87 3453 '
165 3442 219 3496 tias
234 3443 395 3498 immolavit.
441 3440 510 3514 Qua
531 3444 627 3499 divina
650 3461 697 3500 res
712 3444 776 3499 darn
791 3441 991 3521 conficiebatur,
1006 3463 1076 3518 qaa-
1098 3448 1118 3500 4

163 3522 229 3576 aioit
242 3540 260 3576 o
274 3540 327 3590 me,
342 3522 474 3578 vellemne
489 3539 581 3578 seeum
594 3524 624 3577 ia
639 3531 735 3578 caetra
745 3522 912 3600 prtfieisci?
947 3520 982 3578 Id
996 3541 1078 3596 quam

162 3597 280 3657 libenter
294 3602 471 3672 accepissem,
487 3599 662 3673 aequente>
677 3609 770 3674 patere
785 3603 933 3673 cepissem,
948 3619 982 3656 ae
1000 3601 1077 3656 dubi·

162 3685 233 3735 teret
247 3680 350 3734 ducere
362 3698 375 3746 ;
398 3687 454 3735 turn
467 3676 652 3753 illafaciam,
667 3681 764 3752 inquit,
776 3679 894 3756 sifldem
908 3679 983 3746 mitt,
998 3697 1080 3752 quam

113 3786 118 3795 ·
158 3757 280 3830 postulo,
295 3758 418 3814 dederis.
464 3755 556 3814 Simul
568 3775 609 3814 me
623 3759 661 3813 ad
674 3775 754 3814 oram
767 3757 893 3821 oddand,
908 3757 984 3826 opud
997 3773 1079 3826 quom

606 3834 641 3890 8*
