2608 4300
404 355 494 420 XVI.
539 365 567 432 4,
584 365 614 422 5.
660 357 868 442 (Pelopidas.)
1043 367 1084 428 b'l

140 499 145 506 ’
179 509 377 584 bertatemque
392 520 502 579 vocato,
517 529 574 568 non
596 511 690 569 solum
714 514 814 590 quiin
837 515 909 571 urbe
930 525 1020 585 erant,
1035 513 1086 574 sed

178 590 265 644 etiam
281 587 409 663 undique
424 607 460 645 ex
475 590 553 666 agris
573 602 791 660 concurrerunt,
814 593 978 670 presidium
992 593 1084 652 Lace-

177 667 384 738 daemoniorum
399 686 435 723 ex
451 686 518 725 arce
543 669 724 745 pepulerunt,
739 671 863 745 patriam
884 671 1029 729 obsidione
1050 672 1083 730 li-

177 744 364 814 beraverunt,
380 755 512 804 auctores
536 747 671 804 Cadmeae
684 749 859 824 occupandae
882 751 986 826 partim
1007 753 1083 809 occi-

176 822 291 891 derunt,
307 825 410 899 partim
425 825 454 882 in
469 825 603 882 exsilium
619 827 776 902 ejecerunt.

217 901 272 959 IV.
294 901 358 959 Hoc
373 912 432 958 tam
447 904 560 961 turbido
574 912 710 981 tempore,
725 907 801 962 sicut
821 925 910 982 supra
924 905 1082 978 docuimus,
1106 913 1121 966 1

176 979 403 1056 Epaminondas,
418 981 512 1056 quoad
527 1001 595 1039 cum
609 983 722 1040 civibus
746 984 915 1041 dimicatum
940 967 991 1056 esl,
1007 987 1083 1044 domi

176 1061 293 1133 quietus
309 1058 373 1116 luit.
416 1059 516 1135 Itaque
531 1060 595 1119 haee
609 1061 825 1119 liberandarum
837 1062 1004 1120 Thebarum
1020 1083 1082 1140 pro·

176 1139 240 1212 pria
265 1138 329 1195 laus
350 1147 394 1194 est
419 1138 580 1214 Pelopida:
602 1151 708 1197 ceterse
729 1140 790 1198 sere
804 1159 903 1198 omnes
917 1161 1084 1200 communes

176 1235 244 1272 eum
259 1216 470 1292 Epaminonda.
512 1216 649 1293 Namque
671 1219 827 1277 Leuctrica
842 1237 948 1295 pugna,
963 1221 1083 1296 impera·
1103 1226 1124 1281 2

177 1302 237 1351 tore
252 1294 461 1370 Epaminonda,
477 1296 525 1352 hic
541 1295 594 1353 fuit
613 1296 673 1354 dux
687 1297 808 1354 delectae
822 1316 934 1367 manus,
949 1317 1015 1374 quae
1029 1301 1083 1374 pri-

176 1391 224 1428 ma
235 1373 409 1449 phalangem
424 1375 577 1449 prostravit
591 1374 753 1434 Laconum.
786 1375 929 1434 Omnibus
944 1387 1083 1452 praeterea
1104 1384 1123 1436 3

175 1451 314 1526 periculis
329 1451 421 1508 affuit.
462 1453 546 1510 Sicut
560 1453 694 1528 Spartam
708 1473 799 1529 quum
813 1455 999 1531 oppugnavit,
1015 1456 1082 1514 alte-

176 1547 242 1586 rum
255 1531 348 1588 tenuit
362 1549 472 1588 cornu:
493 1550 608 1606 quoque
630 1532 765 1590 Messena
779 1533 905 1590 celerius
919 1533 1081 1592 restituere·

176 1619 233 1678 tur,
248 1608 363 1686 legatus
376 1610 406 1665 in
422 1609 524 1667 Persas
539 1621 582 1667 est
605 1609 761 1686 profectus.
804 1610 938 1686 Denique
952 1611 1014 1670 haec
1031 1613 1084 1672 suit

175 1687 268 1744 altera
282 1706 405 1764 persona
420 1687 538 1757 Thebis,
553 1688 602 1746 sed
623 1700 720 1747 tamen
735 1690 866 1748 secunda
880 1691 929 1761 ita,
946 1701 976 1749 ut
990 1693 1082 1768 proxi·

175 1785 225 1822 ma
239 1776 313 1824 esset
328 1766 545 1842 Epaminondae.

215 1844 254 1900 V.
277 1844 466 1902 Conflictatus
479 1856 576 1903 autem
586 1856 628 1906 est
642 1846 841 1906 eumadversa
856 1845 980 1906 senuna.
1003 1849 1082 1908 Num
1106 1854 1120 1908 1

174 1932 205 1980 et
218 1924 307 1992 initio,
323 1924 399 1982 sicut
412 1924 597 1994 ostendimus,
613 1924 697 1982 exsul
715 1927 807 2002 patria
822 1928 924 1998 caruit,
939 1938 976 1997 et,
991 1949 1083 2005 quum

175 2001 358 2060 Thessaliam
373 2003 402 2059 in
417 2012 584 2078 potestatem
595 2004 799 2062 Thebanorum
810 2017 929 2080 cuperet
941 2007 1081 2084 redigere,

175 2079 385 2156 legationisque
404 2082 471 2157 jure
497 2083 566 2139 satis
590 2093 699 2141 tectum
723 2103 755 2141 se
779 2085 978 2155 arbitraretur,
1007 2087 1083 2162 quod

175 2159 251 2234 apud
265 2178 365 2216 omnes
385 2170 486 2236 gentes
500 2171 633 2220 sanctum
648 2181 711 2220 esse
726 2173 901 2233 consuesset,
918 2183 935 2220 a
960 2175 1084 2239 tyranno

176 2237 345 2294 Alexandro
360 2238 478 2296 Pheraeo
492 2240 579 2297 simul
594 2260 662 2298 cum
678 2241 802 2299 Ismenia
816 2242 1042 2318 comprehensus
1052 2243 1082 2300 in

175 2317 294 2373 vincula
307 2317 456 2392 conjectus
470 2328 523 2376 cst.
556 2318 645 2376 Hune
660 2319 875 2396 Epaminondas
889 2323 1081 2396 recuperavit,
1102 2327 1121 2378 2
1141 2318 1144 2326 ’

175 2395 250 2452 bello
271 2414 447 2471 persequens
469 2396 683 2454 Alexandrum.
726 2398 792 2456 Post
815 2398 843 2455 id
868 2397 978 2456 sactum
1000 2417 1082 2456 num-

175 2493 263 2549 quam
284 2476 309 2531 is
324 2475 419 2532 animo
433 2475 544 2550 placari
559 2477 650 2552 potuit
670 2478 700 2534 in
714 2495 792 2546 eum,
808 2497 825 2533 a
839 2495 897 2551 quo
910 2487 973 2533 erat
995 2476 1081 2534 viola-

174 2563 231 2610 tus.
272 2553 374 2628 ltaque
395 2556 537 2629 persuasit
551 2555 710 2625 Thebanis,
727 2565 758 2612 ut
773 2555 900 2611 subsidio
923 2554 1083 2612 Thessaliae

174 2632 438 2708 proficiscerentur,
460 2643 658 2709 tyrannosque
679 2635 744 2709 ejus
758 2633 946 2708 expellerent.
989 2632 1082 2709 Cujus
1103 2639 1121 2691 3

174 2710 243 2766 belli
269 2730 359 2786 quum
382 2712 409 2768 ei
435 2731 549 2769 summa
563 2724 639 2770 esset
663 2711 738 2780 data,
754 2730 846 2786 eoque
869 2729 936 2780 oum
952 2713 1081 2771 exercitu

174 2788 320 2865 profectus
329 2799 414 2859 esset,
425 2809 481 2848 non
497 2791 647 2860 dubitavit,
656 2791 743 2848 simul
756 2809 790 2846 ac
800 2790 948 2864 conspexit
962 2790 1080 2861 hostem,

173 2869 340 2945 confligere.
377 2868 411 2927 ln
425 2889 482 2945 quo
497 2870 599 2946 proelio
610 2868 813 2926 Alexandrum
825 2878 856 2925 ut
871 2869 1079 2941 animadvertit,
1102 2877 1121 2929 4

172 2947 309 3004 incensus
334 2947 379 3003 ira
405 2966 514 3023 equum
539 2949 568 3005 iu
584 2967 654 3005 eum
666 2948 830 3015 concitavit,
853 2948 1012 3023 proculque
1033 2950 1080 3006 de·

171 3043 290 3102 gressus
304 3046 322 3083 a
336 3027 398 3083 suis
412 3027 545 3101 conjectu
559 3026 683 3085 telorum
697 3025 847 3083 confossus
861 3026 994 3084 concidit.
1028 3028 1079 3085 At·

172 3123 229 3180 que
252 3107 306 3162 hoc
328 3105 457 3162 secunda
472 3105 593 3162 victoria
614 3105 735 3162 accidit:
760 3124 829 3160 nam
852 3105 912 3180 jam
936 3105 1081 3164 inelinatae

171 3193 255 3240 erant
277 3193 470 3258 tyrannorum
485 3185 584 3260 copiae.
626 3183 694 3248 Quo
718 3182 794 3241 lacto
807 3202 906 3240 omnes
920 3183 1081 3243 Thessaliae
1101 3189 1120 3244 b

171 3262 304 3320 civitates
318 3261 503 3320 interfectum
518 3263 682 3338 Pelopidam
697 3263 809 3320 coronis
823 3263 918 3320 aurcis
932 3272 961 3320 et
979 3265 1081 3322 statuis

171 3343 269 3412 aeneis,
284 3341 449 3418 liberosque
464 3341 527 3418 ejus
542 3343 632 3399 multo
647 3359 717 3418 agro
731 3340 882 3399 donarunt.
