2608 4300
244 351 286 410 ta
433 339 554 405 XVIII.
598 349 627 415 6,
642 349 672 415 7,
687 346 715 403 S.
763 339 956 423 (Eumenes.)

240 495 311 554 dum
324 494 360 552 de
374 493 583 552 conditionibus
603 503 715 564 tractat,
730 492 874 572 prefectis
896 494 1037 570 Antigoni
1061 494 1153 570 impo-

241 574 307 641 suit,
322 591 410 648 seque
425 591 461 630 ac
475 591 543 630 suos
556 591 655 630 omnes
669 573 793 630 extraxit
807 573 976 629 incolumes.

203 657 218 711 t
281 651 334 710 Vl.
357 651 406 708 Ad
420 651 498 708 hunc
513 651 674 726 Olympias,
685 661 777 708 mater
790 669 856 724 quae
871 650 966 708 suerat
974 650 1152 720 Alexandri,

240 749 331 805 quum
345 728 455 786 litteras
469 739 497 786 ot
519 729 634 788 nuntios
655 731 778 786 misisset
798 731 827 784 in
843 730 955 798 Asiam,
971 731 1150 798 consultum,

241 819 338 866 utrum
347 808 500 885 repetitum
515 807 715 866 Macedoniam
724 809 835 864 veniret
849 807 931 885 (nam
942 818 1003 864 tum
1015 809 1045 863 in
1059 807 1152 882 Epiro

201 892 220 945 2
241 885 402 963 habitabat)
416 896 445 944 et
467 905 518 944 eas
531 905 578 944 res
591 897 763 961 occuparet:
786 887 854 942 huic
876 886 925 942 ille
940 887 1068 961 primurn
1082 904 1150 942 sua-

240 967 286 1034 sit,
300 983 337 1022 ne
351 984 382 1022 se
398 975 533 1034 moveret,
545 975 573 1022 ct
588 975 776 1040 exspectaret,
791 963 884 1039 quoad
900 963 1060 1020 Alexandri
1069 964 1150 1020 filius

242 1062 364 1120 regnum
379 1043 607 1118 adipisceretur3
630 1044 675 1100 sin
697 1043 796 1118 aliqua
817 1043 973 1117 cupiditate
995 1052 1150 1118 raperetur

242 1122 271 1179 in
294 1121 504 1190 Macedoniam,
525 1123 654 1178 omnium
672 1121 845 1197 injurIarum
865 1121 1097 1190 obliVisceretur,
1120 1130 1150 1178 et

202 1205 221 1258 3
242 1201 272 1256 in
290 1201 436 1258 nemiuem
459 1199 606 1258 acerbiore
632 1210 762 1257 uteretur
786 1200 916 1274 imperio.
959 1198 1073 1255 Horum
1096 1199 1149 1256 illa

241 1279 312 1336 nihil
328 1278 406 1336 lecit.
448 1278 526 1336 Nam
548 1279 621 1335 etin
636 1277 835 1334 Macedoniam
853 1275 981 1352 profecta
996 1287 1048 1346 cst,
1064 1288 1093 1334 et
1108 1279 1148 1334 ibi

241 1356 441 1414 crudelissime
452 1376 483 1414 se
497 1357 596 1432 gessit.
639 1356 723 1413 PetIit
737 1367 835 1412 autem
847 1356 883 1411 ab
898 1355 1031 1412 Eumene
1045 1356 1147 1412 absen-

241 1447 279 1504 te,
293 1455 330 1493 ne
344 1445 499 1512 pateretur,
512 1435 635 1512 Philippi
646 1434 748 1491 domus
761 1444 790 1492 et
805 1432 922 1490 samiliae
934 1434 1149 1491 inimicissimos

240 1515 359 1592 stlrpcm
379 1533 494 1591 quoque
515 1514 689 1581 interimere,
705 1511 850 1586 ferretque
865 1529 948 1588 opem
968 1513 1068 1568 liberIs
1094 1511 1147 1568 Al-

201 1596 220 1648 4
241 1593 372 1650 axandri.
413 1592 512 1657 Quam
527 1593 641 1648 veniam
656 1591 681 1648 si
701 1590 791 1660 daret,
806 1609 894 1665 quam
917 1591 1043 1666 primum
1062 1609 1100 1647 ex
1136 1628 1146 1639 -

241 1672 316 1729 citus
330 1680 454 1747 peraret,
469 1689 541 1745 quos
554 1669 608 1726 sibi
629 1669 755 1726 subsidio
777 1668 943 1726 adduceret.
986 1667 1017 1726 Id
1033 1688 1092 1744 quo
1119 1689 1146 1726 a·

241 1749 327 1806 cilius
342 1748 459 1818 faceret,
474 1767 505 1806 se
520 1748 652 1806 omnibus
666 1746 817 1824 praesectis,
832 1748 882 1822 qui
897 1748 926 1803 in
940 1746 1034 1804 officio
1049 1765 1146 1804 mnne-

183 1861 187 1870 ·
243 1827 318 1896 bant,
334 1827 445 1884 misisse
471 1828 589 1896 litteras,
606 1837 637 1883 ut
661 1827 689 1882 ei
709 1837 852 1902 parerent,
874 1826 995 1902 ejusque
1018 1826 1148 1883 consiliis

201 1908 220 1962 5
242 1914 401 1962 uterentur.
444 1905 499 1962 His
513 1906 599 1963 rebus
620 1904 768 1962 Eumenes
789 1915 935 1980 permotus
949 1905 1040 1961 satius
1054 1904 1145 1974 duxit,

240 1983 265 2040 si
290 1983 330 2038 ita
350 1982 463 2040 tulisset
484 1982 608 2052 fortuna,
630 1984 724 2059 perire
746 1983 821 2040 benc
846 1984 956 2040 meritis
974 1982 1146 2040 referentem

241 2061 375 2138 gratiam,
386 2078 473 2134 quam
489 2063 635 2136 ingratum
650 2063 758 2118 vivere.
970 2081 975 2086 ’

204 2144 219 2197 l
281 2137 349 2195 vll.
371 2137 472 2212 Itaque
487 2139 585 2214 copias
606 2141 758 2209 contraxit,
774 2139 883 2196 bellum
906 2140 1046 2197 adversus
1062 2140 1145 2196 Anti-

241 2235 349 2293 ganum
363 2218 550 2292 comparavit.
592 2218 677 2283 Quod
693 2237 752 2275 una
771 2229 854 2275 erant
875 2218 1049 2276 Macedones
1070 2237 1145 2276 com-

241 2295 340 2371 plures
363 2295 482 2363 nobiles,
507 2296 538 2352 in
562 2297 607 2354 his
632 2297 796 2366 Peucestes,
821 2299 872 2372 qui
899 2298 1031 2372 corporis,
1050 2307 1145 2354 custos
1245 2311 1251 2332 s

243 2373 337 2431 suerat
362 2373 532 2443 Alexandri,
558 2384 619 2432 tum
645 2386 742 2432 autem
764 2376 909 2432 obtinebat
934 2375 1091 2445 Persidem,
1119 2383 1146 2432 et

242 2454 412 2528 Antigonea,
424 2452 472 2528 cuj
478 2471 511 2510 us
525 2454 579 2509 sub
589 2453 710 2529 imperio
721 2455 846 2530 phalanx
858 2463 920 2510 erat
935 2453 1144 2510 Macedonum:

242 2532 380 2589 invidiam
391 2549 504 2600 verens,
519 2550 607 2606 quam
621 2543 716 2589 tamen
731 2532 860 2608 effugere
875 2550 930 2588 non
946 2536 1045 2607 potuit,
1061 2533 1085 2588 si
1100 2551 1144 2607 po·

242 2611 300 2667 tius
313 2611 374 2686 ipse
389 2609 553 2686 alienigena
566 2611 673 2686 summi
693 2611 806 2686 imperii
825 2611 973 2685 potiretur,
988 2629 1076 2685 quam
1098 2610 1145 2666 alii

202 2693 222 2746 2
244 2687 445 2758 Macedonum,
468 2706 591 2764 quorum
616 2690 655 2745 ibi
680 2700 742 2746 erat
761 2688 922 2758 multitudo,
945 2689 974 2746 in
999 2689 1145 2765 principiis

242 2766 356 2822 nomine
367 2766 529 2824 Alexandri
543 2768 642 2824 statuit
656 2767 885 2835 tabernaculum,
896 2768 925 2822 in
937 2785 1030 2842 eoque
1045 2768 1145 2824 sellam

242 2862 361 2900 auream
386 2863 454 2902 cum
476 2855 589 2920 sceptro
614 2864 650 2902 ac
674 2845 835 2902 diademate
855 2845 942 2920 jussit
967 2845 1042 2920 poni,
1057 2863 1145 2918 ecque

241 2939 341 2979 omnes
360 2922 485 2998 quotidie
499 2925 664 2992 convenire,
680 2934 711 2980 ut
732 2923 771 2978 ibi
785 2923 821 2980 dc
835 2924 957 2979 summis
976 2924 1064 2980 rebus
1081 2941 1144 2980 con-

242 2998 308 3056 silia
332 3009 525 3077 caperentur3
551 3001 681 3069 credens,
704 3001 814 3058 minore
838 3019 869 3058 se
893 3001 1004 3057 invidia
1028 3000 1098 3070 iore,
1122 3002 1145 3057 si

242 3077 338 3151 specie
352 3078 464 3155 imperii
480 3079 659 3154 nominisque
668 3077 849 3137 slmulatione
862 3079 1024 3136 Alexandri
1039 3079 1145 3136 bellum

203 3153 389 3212 3videretur
413 3156 624 3214 administrare.
674 3156 759 3222 Quod
785 3166 814 3214 et
838 3156 916 3215 fecit.
957 3157 1037 3214 Nam
1057 3175 1145 3234 quum

242 3249 299 3288 non
317 3231 354 3287 ad
376 3231 517 3292 Eumenis
537 3236 688 3311 principia,
703 3235 754 3292 sed
775 3235 811 3291 ad
832 3237 911 3312 regia
932 3237 1144 3304 conveniretur,

243 3319 331 3383 atquc
345 3309 385 3365 ibi
409 3309 444 3365 de
464 3312 551 3368 rebus
571 3312 789 3382 deliberaretur,
804 3312 1014 3388 quodammodo
1031 3312 1145 3384 latebat,

242 3405 334 3465 quum
348 3397 443 3444 tamen
458 3405 510 3462 per
523 3407 590 3446 eum
605 3409 697 3447 unum
710 3402 880 3467 gererentur
893 3392 1000 3448 omnia.

169 3483 174 3494 ⁸
204 3472 219 3527 1
282 3465 364 3523 VIII.
388 3464 446 3521 Hic
466 3465 496 3520 in
518 3465 674 3525 Paraetacis
687 3488 755 3528 cum
778 3469 924 3545 Antigono
938 3471 1076 3539 conflixit,
1092 3487 1147 3527 non

243 3545 307 3603 acie
328 3545 478 3610 instructa,
493 3541 544 3598 sed
565 3543 595 3597 in
610 3545 729 3603 itinere:
751 3566 876 3622 eumque
898 3548 973 3606 male
996 3559 1146 3624 acceptum

243 3625 274 3680 in
298 3621 427 3679 Mediam
440 3620 599 3675 hiematum
623 3621 718 3696 coegit
742 3624 847 3681 redIre.
888 3625 1005 3701 ipsein
1026 3626 1147 3684 finitima

244 3700 361 3776 regione
382 3695 507 3755 Persidis
526 3695 684 3753 hiematum
699 3700 796 3774 copias
810 3701 915 3774 divisit,
930 3721 987 3762 non
1002 3713 1034 3763 ut
1047 3705 1146 3774 voluit,
