2608 4300
486 384 526 447 X.
570 387 693 465 (Dion.)
997 387 1043 444 tt-

142 529 310 588 reficiendos
335 540 422 599 curat,
444 530 859 606 pecuniaequeyquinquaginta
879 539 920 584 ta·
969 553 1006 594 m

141 609 218 676 lenta,
232 627 299 682 quat
316 628 334 664 a
354 607 540 666 Pharnabazo
554 618 713 684 acceperat,
729 609 840 664 civibus
858 607 919 664 suis
944 613 965 642 a
977 603 1001 644 ⁰·
1014 613 1029 644 ¹¹

141 686 226 741 donat.

175 763 208 819 V,
244 763 369 820 Accidit
383 762 461 833 huic,
475 764 549 836 quod
562 764 665 820 ceteris
679 765 852 831 mortalibus,
866 773 897 820 ut
913 762 1039 822 inconsi·
1064 767 1077 820 l

139 840 258 897 deratior
288 842 322 898 in
347 842 484 908 secunda,
508 860 592 914 quam
617 842 647 898 in
670 841 789 914 adversa
813 853 893 898 esset
916 841 1038 900 fortuna.

138 918 207 974 Nam
222 920 327 976 classe
354 919 631 994 Peloponnesiorum
654 919 766 976 devicta
789 939 873 993 quum
896 920 1038 977 ultumas

135 996 252 1070 injurias
276 997 378 1071 patriae
401 1007 524 1070 putaret,
537 998 619 1070 plura
633 998 805 1070 concupivit,
818 1017 901 1072 quam
922 998 1038 1055 efficere

133 1074 230 1146 potuit.
276 1075 382 1148 Neque
397 1086 494 1130 tamen
510 1093 545 1130 ea
559 1079 619 1130 n'on'
638 1075 686 1148 pia
700 1085 729 1130 et
751 1075 895 1150 probanda
916 1075 1037 1144 suerunt,
1060 1081 1080 1134 2

95 1157 97 1164 ⁴
134 1151 206 1222 quod
230 1154 330 1226 potius
358 1153 459 1228 patriae
483 1170 556 1226 opes
585 1149 693 1228 augeii,
718 1171 802 1225 quam
827 1153 904 1228 regis
931 1155 1038 1210 maluit.

134 1229 208 1284 Nam
221 1248 312 1303 quum
326 1249 459 1305 magnam
474 1229 672 1286 auctoritatem
686 1230 742 1286 sibi
763 1249 858 1305 pugna
871 1231 921 1288 illa
934 1231 1039 1300 navali,

134 1325 215 1378 quam
240 1309 320 1382 apud
345 1308 469 1365 Cnidum
494 1307 611 1377 fecerat,
637 1309 843 1376 constituisset,
868 1327 923 1364 non
949 1309 1040 1364 solum

134 1383 204 1440 inter
217 1387 368 1454 barbaros,
383 1385 537 1442 sedetiam
551 1403 651 1442 omncs
675 1387 797 1458 Graeciae
812 1385 952 1454 civitates,
967 1387 1041 1442 clam

132 1461 198 1517 dare
224 1483 348 1538 operam
372 1464 467 1538 carpit,
489 1475 519 1520 ut
541 1464 652 1520 Ioniam
673 1476 701 1520 et
726 1465 855 1520 AEoliam
879 1465 1041 1520 restitueret

135 1539 376 1599 Atheniensibus.
416 1541 450 1598 Id
463 1561 548 1616 quum
562 1542 656 1598 miuus
681 1543 837 1616 diligenter
861 1554 941 1598 esset
963 1542 1039 1599 cela·
1060 1546 1077 1598 3

47 1633 52 1639 ·
133 1627 198 1687 tum,
208 1620 378 1688 TiribazuS,
387 1621 434 1694 qui
446 1621 582 1676 Sardibus
597 1631 724 1694 praerat,
738 1621 887 1676 Cononem
899 1621 1038 1690 evocavit,

73 1743 74 1746 ,
135 1694 286 1766 simulans,
303 1697 338 1753 ad
351 1717 449 1772 regem
463 1717 527 1755 eum
548 1718 579 1754 se
594 1699 705 1755 mittere
721 1699 797 1754 velle
815 1717 919 1773 magna
969 1729 1006 1768 39³

134 1771 167 1827 de
182 1770 224 1830 r'e.
269 1775 366 1851 Hujus
386 1777 483 1832 nuntio
504 1795 607 1850 parens
630 1796 716 1850 quum
729 1777 866 1845 venisset,
888 1778 918 1832 in
944 1789 963 1818 ¹²·
976 1779 999 1816 ⁰·
1016 1789 1037 1818 ¹¹·

133 1850 248 1908 vincula
264 1855 413 1930 conjectus
435 1866 488 1923 est,
509 1857 538 1910 in
552 1855 652 1930 quibus
668 1855 840 1928 aliquamdiu
861 1855 922 1912 luit.
965 1855 1036 1912 lude
1057 1859 1076 1911 4

134 1932 263 1986 nonnulli
278 1933 395 1990 eumad
415 1951 513 2008 regem
527 1934 686 2004 abductum,
701 1934 796 2006 ibique
817 1933 930 2007 perisse
945 1933 1036 2008 scrip·

134 2015 191 2062 tum
204 2010 391 2082 reliquemnt.
433 2012 539 2068 Contra
553 2031 588 2067 ea
614 2013 711 2068 Dinon
734 2011 898 2080 historicus,
914 2012 961 2068 cui
982 2029 1037 2068 nos

135 2083 287 2167 plurimum
296 2089 331 2144 de
345 2089 473 2145 Persicis
488 2091 572 2148 rebus
583 2091 735 2159 credimus¹
745 2089 893 2165 effugisse,
903 2087 1035 2164 scripsit:

136 2160 204 2297 diupi
224 2165 379 2236 addubitat,
394 2179 486 2226 utrum
507 2169 641 2226 Tiribazo
655 2169 777 2238 sciente,
800 2187 836 2225 en
856 2167 1037 2244 imprudente

136 2247 172 2294 stt
195 2253 302 2300 actum.

437 2625 498 2700 X.
557 2625 743 2701 DION.

514 2829 689 2844 ψ

434 2965 741 3028 ARGUMENTUM.
920 3033 923 3038 ,

140 3091 234 3169 οΑΡ’.
260 3109 286 3168 Ι.
317 3109 514 3188 Dionysiorum
527 3113 658 3246 rpffiaiset
672 3114 795 3168 intimus.
837 3111 880 3168 II.
903 3109 1037 3170 Platonis
1101 3165 1108 3180 ,

175 3191 487 3267 discipulusctamicus.
548 3190 590 3246 II.
609 3189 856 3247 SimultasDionis
866 3199 893 3244 ct
903 3187 1036 3264 Dionysii

168 3270 300 3343 junioris.
341 3269 397 3324 IV.
423 3269 586 3324 Corinthum
601 3269 748 3324 devehitur.
790 3267 866 3339 Ejus
878 3267 962 3345 filius
971 3286 1035 3342 pes·

176 3347 243 3402 sinte
256 3347 395 3402 educatur.
439 3346 474 3400 V.
499 3346 703 3420 Syracusarum
716 3348 824 3422 potitus
838 3354 985 3419 tyranuum
999 3343 1036 3399 ad

172 3425 314 3498 pactiones
328 3423 425 3498 adigit.
471 3423 523 3479 VI.
545 3422 706 3480 Heraclidis
729 3424 799 3480 cade
817 3423 949 3497 populum
968 3441 985 3476 a
1005 3439 1036 3476 sc

178 3501 288 3558 alienat.
320 3501 390 3558 VH.
415 3501 565 3578 Tyrannus
576 3502 657 3576 uulgo
668 3503 820 3577 appellatur
830 3519 884 3554 aaa
887 3497 1033 3574 fireadus.

182 3577 269 3640 VIII.
294 3579 454 3636 Callicratis
478 3581 591 3636 coasilio
611 3579 753 3654 decipitur.
795 3575 854 3632 IX.
877 3575 960 3630 Domi
979 3593 1035 3629 sua

179 3656 222 3710 die
234 3655 312 3730 sesto
326 3659 465 3714 occiditur.
508 3657 549 3713 X.
575 3656 723 3712 Tumultus
732 3665 799 3730 post
813 3654 873 3724 ejus
886 3659 996 3706 mortam
1009 3659 1036 3704 et

181 3733 341 3790 desiderium
354 3738 462 3792 mortui.
599 3811 614 3839 ῃ

580 3815 597 3864 4
