2608 4300
202 372 243 429 20
476 367 535 429 III.
570 375 596 429 l.
642 367 834 446 (Aristides)

168 518 185 570 3
207 513 362 570 constituit.
412 514 544 587 Namque
568 513 644 569 hanc
669 515 769 570 urbem
792 515 820 570 ei
844 533 897 570 rex
919 515 1046 584 donaret,
1060 515 1107 572 his

206 592 321 666 quidem
330 592 443 648 verbis:
466 611 528 665 quae
543 594 571 648 ei
585 611 689 667 panem
705 594 845 666 praeberet
856 595 906 668 (ex
920 613 975 667 qua
989 594 1108 668 regione

206 670 411 745 quinquaginta
430 671 537 726 talenta
558 671 708 744 quotannis
730 671 894 746 redibant);
916 672 1110 748 Lampsacum

207 759 310 818 autem,
331 749 407 805 unde
428 750 525 804 vinum
545 760 688 818 sumeret,
710 750 870 823 Myuntem,
892 768 1005 824 exque
1026 768 1110 826 opso-

206 827 286 882 nium
312 826 441 884 haberet.
483 828 578 903 Hujus
607 828 643 902 ad
667 839 795 884 nostram
818 829 985 884 memoriam
1011 847 1110 885 monu-

206 916 303 961 menta
323 917 489 962 manserunt
510 907 582 962 duo:
616 907 781 981 sepulcrum
802 925 891 981 prope
914 907 1058 982 oppidum,
1080 907 1111 966 in

168 989 186 1040 4
207 1001 262 1057 quo
278 995 322 1039 est
337 985 485 1059 sepultus;
508 994 606 1040 statuae
628 985 657 1040 in
672 984 740 1060 foros
750 985 924 1058 Magnesiae.
967 985 1012 1041 De
1028 987 1110 1062 cujus

192 1113 193 1116 ,
206 1073 296 1118 morte
311 1063 484 1120 multimodis
500 1062 575 1138 apud
588 1063 740 1137 plerosque
756 1065 893 1138 scriptum
908 1073 969 1120 est:
989 1064 1043 1120 sed
1056 1082 1110 1121 nos

208 1141 339 1197 eumdem
360 1143 541 1215 potissimum
562 1141 766 1216 Thucydidem
787 1153 933 1198 auctorem
949 1143 1111 1217 probamus,

240 1262 276 1300 471
327 1221 375 1294 qui
390 1221 470 1276 illum
491 1221 531 1276 ait
552 1221 712 1294 Magnesiae
732 1221 830 1286 morbo
851 1233 999 1288 mortuum,
1015 1239 1110 1294 neque

213 1311 303 1358 (ιι-465)
326 1299 952 1374 negat,fuissefamam,vencnumsuaspoute
960 1299 1111 1368 sumsisse,

213 1371 233 1398 ⁸²·
247 1360 271 1398 Ο·
283 1371 304 1398 ¹¹·
326 1396 413 1451 quum
427 1397 470 1446 se,
485 1397 546 1450 quoe
562 1378 624 1452 regi
639 1377 674 1432 de
695 1377 808 1433 Graecia
829 1377 1015 1452 opprimenda
1029 1377 1112 1453 polli-

168 1461 185 1513 5
208 1459 281 1516 citus
298 1467 386 1526 esset,
400 1470 535 1530 praestare
549 1475 638 1530 posse
653 1456 838 1529 desperaret>
866 1453 956 1524 Idem,
968 1474 1036 1512 ossa
1047 1457 1111 1531 ejus
1138 1451 1146 1458 ’

207 1537 282 1594 clam
296 1539 326 1593 in
341 1536 438 1592 Attica
452 1537 486 1592 ab
508 1536 609 1592 amicis
632 1537 754 1608 sepulta,
768 1535 902 1608 quoniam
921 1533 1035 1609 legibus
1054 1552 1112 1591 non

208 1616 424 1681 concederetur,
435 1614 510 1687 quod
525 1613 694 1688 proditionis
710 1623 790 1669 esset
799 1613 958 1682 damnatus,
968 1612 1111 1670 memorie

207 1694 340 1767 prodidit.

521 1875 774 1885 ——-—--———-——-

337 1992 460 2128 riis
498 2055 941 2132 arciselaus

587 2223 715 2234 -.--..

487 2328 797 2387 ARGUMENTUM.

214 2485 310 2544 OAP.
326 2485 353 2542 Ι.
390 2485 528 2544 AEmulus
547 2487 740 2545 Themistoclis
751 2511 760 2556 ;
782 2489 915 2544 multatur
928 2488 1035 2544 exsilio.
1068 2487 1112 2546 ΙΙ.

250 2567 325 2622 Ante
350 2577 454 2642 tempus
479 2577 639 2634 revocatur,
667 2578 771 2644 prator
794 2578 889 2623 contra
916 2565 1113 2636 Mardonium,-

210 2644 212 2652 ’
250 2647 391 2720 imperium
400 2647 758 2703 Atheniensibuscoucr'liat.
789 2646 855 2730 1113
864 2645 986 2703 AErario
994 2657 1113 2724 praest;

246 2743 352 2800 pauper
366 2727 489 2781 moritur.

175 2885 187 2938 1
251 2881 276 2938 l.
298 2881 452 2948 Aristides
474 2881 643 2953 Lysimachi
667 2883 753 2951 filius,
776 2882 974 2950 Athenionem,
996 2883 1114 2955 aequalis
1142 2949 1145 2958 1

212 2959 272 3015 lere
287 2958 340 3014 fuit
353 2954 555 3014 Themistocli.
591 2960 690 3031 Itaque
703 2979 768 3015 cum
780 2978 815 3014 eo
825 2960 862 3015 ¹de
874 2961 1035 3034 principatu
1047 2978 1115 3018 con·

172 3042 191 3094 2
213 3038 320 3094 tendit:
351 3055 473 3110 namque
496 3037 688 3092 obtrectarunt
709 3038 784 3092 inter
806 3056 848 3092 se.
891 3038 925 3094 In
949 3038 996 3094 his
1020 3048 1115 3096 autem

213 3117 360 3192 cognitum
375 3127 428 3185 est,
443 3126 546 3187 quanto
572 3126 727 3172 antestaret
749 3115 912 3188 eloquentia
932 3116 1113 3174 innocentia.

214 3195 393 3268 Quamquam
407 3195 484 3251 euim
503 3194 575 3252 adeo
597 3195 759 3252 excellebat
773 3194 918 3251 Aristides
933 3196 1114 3266 abstinentia,
1202 3229 1203 3236 κ

245 3321 282 3360 485
331 3283 361 3328 ut
374 3294 448 3332 unus
463 3285 528 3348 post
547 3273 693 3330 hominum
713 3273 889 3343 memoriam,
904 3275 979 3348 quod
999 3275 1116 3348 quidem
1195 3268 1198 3277 ’

1 3418 4 3431 ,
222 3371 259 3415 (ar.
267 3371 311 3418 rso)
331 3371 384 3409 nos
397 3353 580 3421 audierimus,
593 3353 763 3428 cognomine
775 3354 874 3410 Justus
886 3354 923 3410 sit
935 3344 1094 3428 appellatus
1106 3373 1111 3410 :

28 3478 33 3488 ,
118 3477 127 3500 ,
218 3431 239 3458 ²·
252 3420 275 3458 θ’
289 3431 310 3458 ¹¹·
331 3441 468 3500 tamen,a
489 3432 688 3488 Themistocle
711 3432 925 3503 collabefactus,
946 3434 1051 3488 testula
1065 3433 1115 3488 illa

175 3517 192 3569 3
215 3512 319 3569 exsilio
333 3510 437 3566 decem
446 3528 584 3566 annorum
598 3512 732 3568 multatus
748 3523 801 3567 est.
835 3512 893 3576 Qui
904 3511 1019 3584 quidem
1029 3529 1115 3584 quum

214 3590 398 3664 intelligeret,
409 3589 525 3662 reprimi
540 3588 710 3646 concitatam
724 3590 932 3646 multitudinem
945 3607 1002 3646 non
1016 3607 1114 3664 posse,

206 3666 1116 3742 'cedensqueanimadvertissetquemdamscribentemutpatria

2 3762 56 3942 Ἃ
214 3745 379 3820 pelleretur,
393 3745 533 3819 quesisse
555 3746 590 3802 ab
605 3762 640 3801 eo
661 3745 772 3814 dicitur,
786 3763 872 3820 quare
892 3745 923 3802 id
935 3745 1052 3816 laceret,
1067 3757 1115 3804 aut
