2608 4300
223 383 264 440 60
413 377 486 440 XV.
531 383 560 451 2,
576 385 605 440 3.
656 373 937 460 (Epaminondas.)

189 557 192 564 Δ
221 529 325 588 dehere
340 532 567 606 praetermittere,
583 530 659 606 quod
680 530 822 605 pertineat
837 529 872 584 ad
895 547 961 586 eam
981 527 1144 594 declama,

181 614 201 666 4
221 603 297 666 iiam.
339 609 440 674 Quare
455 609 585 667 dicemus
599 610 725 685 primum
739 607 775 665 de
789 625 896 684 genere
911 607 975 682 ejus
984 627 993 679 ;
1017 607 1128 676 deinde,

218 688 326 763 quibus
340 688 499 764 disciplinis
513 699 541 746 et
563 688 700 762 aquibus
713 689 749 744 sit
766 686 917 756 eruditus;
941 696 1002 742 tum
1012 685 1056 742 de
1071 705 1128 742 mo
1176 716 1186 734 ι

220 767 301 823 ribus
319 767 486 843 ingeniique
508 765 703 830 facultatibus
718 775 746 822 et
766 766 791 822 si
812 784 870 838 qua
885 765 943 821 alia
963 764 1051 842 digna
1071 783 1128 820 rne-

220 845 313 902 moria
326 855 430 917 eruut;
454 856 595 921 postremo
609 845 644 901 de
660 846 747 901 rebus
766 845 863 920 gestia,
880 862 977 918 quaea
997 843 1130 919 plurimis

220 943 267 980 om
292 924 297 935 '
322 942 351 978 m
365 934 577 1000 anteponuntur
592 924 756 980 virtutibus.

183 1004 199 1059 1
261 941 419 1059 leatus
440 1005 529 1079 igitur
543 1012 632 1078 patre,
650 1022 706 1077 quo
721 1002 854 1070 diximus,
876 1001 994 1057 honesto
1013 1017 1128 1077 genera,

221 1098 331 1156 pauper
349 1081 410 1156 jam
431 1101 448 1138 a
469 1081 626 1156 majoribus
647 1081 785 1150 relictus;
808 1079 939 1136 eruditus
960 1090 1057 1136 autem
1078 1079 1127 1146 sic,

221 1168 253 1215 ut
267 1177 351 1217 nemo
366 1159 525 1217 Thebanus
539 1161 642 1236 magis.
675 1159 764 1232 ,Nam
779 1168 807 1215 et
822 1159 1006 1227 citharizare,
1020 1167 1049 1214 et
1063 1176 1128 1214 can-

221 1245 283 1294 tare
305 1239 341 1294 ad
366 1239 541 1295 chordarum
564 1257 666 1296 sonum
688 1237 788 1295 doctus
809 1246 853 1294 est
874 1257 891 1293 a
915 1235 1065 1312 Dionysio,
1080 1237 1129 1310 qui

221 1334 278 1372 non
303 1319 412 1374 minore
439 1315 493 1374 fuit
517 1318 547 1373 in
567 1319 686 1374 musicis
710 1317 812 1393 gloria,
836 1334 925 1391 quam
946 1314 1059 1372 Damon
1080 1325 1131 1370 aut
1228 1329 1253 1357 x

222 1393 378 1470 Lamprus
400 1415 524 1472 quorum
545 1395 717 1472 pervulgata
732 1405 799 1452 sunt
813 1395 929 1450 nomina
939 1414 948 1465 ;
972 1393 1130 1470 [carmina]

222 1470 341 1530 cantare
366 1475 443 1532 tibiis
464 1475 500 1531 ab
527 1474 742 1550 Olympiodoro,
764 1473 870 1530 saltare
895 1493 912 1530 a
934 1473 1128 1548 Calliphrone.

183 1555 202 1607 2
224 1552 264 1609 At
279 1553 464 1629 philosophiae
475 1565 679 1629 preceptorem
694 1553 793 1609 habuit
803 1551 915 1626 Lysim,
928 1551 1129 1618 Tarentinum,

223 1630 453 1708 Pythagoreum:
475 1633 525 1689 cui
547 1633 663 1706 quidem
685 1633 727 1688 sie
753 1630 807 1688 suit
831 1630 952 1700 dedituS,
975 1639 1005 1687 ut
1023 1629 1130 1686 adoles-

223 1727 293 1766 cens
307 1711 415 1766 tristem
430 1719 459 1766 et
479 1729 614 1767 severum
634 1729 733 1766 senem
747 1711 880 1766 omnibus
896 1709 1057 1784 aequalibus
1071 1709 1132 1764 suis

222 1787 253 1842 in
275 1786 470 1845 familiaritate
491 1790 692 1864 anteposuerit,
713 1807 806 1864 neque
822 1789 902 1863 prius
918 1807 985 1844 eum
1007 1807 1024 1843 a
1045 1806 1075 1843 se
1091 1787 1130 1842 di-

223 1866 342 1934 miserit,
349 1885 436 1940 quarn
447 1867 476 1922 in
485 1867 621 1924 doctrinis
630 1877 707 1925 tanto
717 1868 902 1924 antecesserit
911 1867 1130 1942 condiscipulos,

155 1999 157 2004 .
224 1953 255 2000 ut
271 1943 356 2000 facile
371 1945 494 2021 intelligi
510 1957 620 2021 posset,
634 1947 696 2022 pari
719 1945 801 2003 modo
815 1956 1018 2020 superaturum
1033 1964 1132 2002 omnes

185 2028 203 2080 3
225 2023 254 2078 in
270 2023 375 2079 ceteris
394 2025 513 2081 artibus,
555 2026 653 2100 Atque
675 2025 738 2082 haec
753 2025 788 2080 ad
809 2034 936 2081 nostram
950 2023 1130 2081 consuetudi·

224 2120 291 2157 nem
306 2113 372 2158 sunt
394 2102 479 2172 levia,
502 2114 530 2161 et
554 2105 647 2180 potius
664 2103 891 2175 contemnenda;
916 2113 944 2160 at
965 2104 995 2158 in
1017 2102 1132 2159 Graecia

185 2186 204 2238 4
226 2181 326 2254 utique
348 2180 417 2236 olim
442 2200 556 2258 magnae
580 2182 661 2239 laudi
684 2192 775 2239 erant.
827 2181 982 2256 Postquam
1004 2181 1132 2256 ephebus

225 2257 320 2315 iactus
342 2269 393 2328 est,
417 2269 445 2316 et
470 2262 611 2334 palaestrae
633 2260 702 2317 dare
726 2280 843 2337 operam
868 2261 965 2336 coepit,
989 2279 1045 2316 non
1073 2270 1132 2316 tam

224 2337 417 2414 magnitudini
442 2339 547 2395 virium
570 2341 697 2408 servivit,
717 2359 814 2419 Xquam
843 2340 997 2396 velocitati.
1048 2338 1132 2396 Illam

225 2417 302 2473 enim
327 2416 360 2473 ad
384 2417 559 2474 athletarum
584 2437 679 2488 usum,
703 2419 779 2476 hanc
806 2417 840 2475 ad
861 2419 930 2475 belli
952 2417 1132 2474 existimabat

184 2493 378 2553 hutilitatem
406 2497 558 2572 pertinere.
623 2497 723 2572 ltaque
752 2497 942 2554 exercebatur
971 2497 1128 2572 plurimum

225 2575 369 2642 currendo
389 2585 417 2632 et
442 2575 578 2633 luctando
593 2576 629 2633 ad
650 2596 716 2634 eum
732 2576 827 2645 finam,
846 2576 939 2651 quoad
961 2586 1039 2633 stans
1056 2594 1131 2632 com-
1157 2588 1161 2594 ·

225 2653 312 2728 plecti
336 2663 429 2729 posset
454 2665 539 2729 atque
561 2655 742 2713 contendere.
800 2654 833 2712 ln
856 2656 945 2712 armis
972 2655 1131 2730 plurimum

225 2732 312 2788 studii
325 2734 522 2791 consumebat.

187 2815 202 2867 1
265 2809 317 2867 Ill.
341 2811 388 2866 Ad
400 2811 475 2869 hanc
487 2813 613 2888 corporis
627 2813 791 2872 firmitatem
807 2812 932 2889 plurime
943 2813 1029 2869 etiam
1044 2813 1131 2869 animi

225 2889 299 2946 bona
314 2901 505 2947 accesserant.
539 2892 611 2948 Erat
622 2894 698 2948 enim
711 2894 863 2961 modestuS,
873 2893 1008 2966 prudens,
1024 2892 1131 2968 gravis,

224 2968 401 3042 temporibus
421 2970 566 3043 sapienter
586 2981 678 3039 utens,
703 2973 811 3045 peritus
833 2971 909 3040 belli,
933 2970 1012 3027 fortis
1034 2989 1132 3038 manu,

224 3047 320 3104 animo
335 3048 481 3119 maxim03
505 3048 575 3106 adeo
590 3049 718 3106 veritatis
739 3051 870 3128 diligens
883 3059 915 3106 ut
929 3068 965 3106 ne
983 3049 1049 3124 joco
1070 3049 1132 3123 qui-

185 3124 289 3180 2dem
305 3126 484 3183 mentiretur.
527 3127 606 3185 Idem
628 3130 785 3198 continens,
802 3130 939 3197 clemens,
961 3130 1132 3203 patiensque

224 3202 426 3260 admirandum
450 3206 480 3260 in
503 3206 627 3277 modurn,
654 3225 708 3264 non
732 3207 825 3264 solum
847 3209 952 3284 populi,
972 3207 1021 3264 sed
1045 3208 1131 3263 etiam

224 3282 395 3348 amicorum„
408 3281 502 3340 ferens
524 3285 667 3360 injurias;
700 3287 888 3362 inprimisque
913 3287 1066 3344 commissa
1085 3306 1131 3342 ce·

223 3359 304 3416 lans:
326 3360 401 3434 quod
422 3361 567 3419 interdum
585 3383 640 3420 non
656 3366 752 3422 minus
773 3366 894 3441 prodest,
916 3385 1005 3441 quam
1027 3365 1133 3423 diserte

223 3437 339 3510 dicere;
363 3439 506 3496 studiosus
521 3441 673 3500 audiendi:
694 3463 730 3500 ex
745 3445 799 3500 hoc
814 3446 891 3500 enim
907 3444 1045 3501 facillime
1054 3443 1132 3500 disci

184 3520 202 3572 3
224 3517 427 3574 arbitrabatur.
481 3517 581 3591 ltaque
605 3539 694 3594 quum
720 3524 749 3578 in
771 3523 915 3580 circulum
942 3525 1077 3591 venisset,
1102 3524 1132 3578 in

223 3614 280 3670 quo
302 3603 352 3650 aut
373 3595 408 3652 de
430 3596 581 3672 republica
600 3597 803 3674 disputaretur,
827 3611 877 3656 aut
898 3601 933 3657 de
955 3601 1133 3675 philosophia

223 3691 318 3729 sermo
338 3672 503 3744 haberetur,
526 3692 685 3750 numquam
701 3679 766 3735 inde
786 3680 866 3754 prius
887 3679 1026 3746 discessit,
1042 3697 1133 3752 quarn

182 3752 202 3804 4
223 3751 365 3808 adfinem
387 3769 481 3809 sermo
500 3761 575 3810 esset
594 3753 745 3813 adductus.
788 3756 989 3832 Paupertatem
1005 3757 1076 3814 adeo
1091 3756 1132 3814 fa·
