2710 4300
222 386 283 443 108
336 377 442 442 XXV.
488 384 538 442 21.
586 374 639 459 (T.
654 374 852 458 Pomponius
866 359 1015 458 Atticus.)

216 551 285 590 cum
298 533 448 601 scriberet,
463 549 553 608 quum
573 530 656 588 modo
671 529 781 606 aliquid
802 530 837 587 de
853 531 1022 605 antiquitate
1044 531 1081 588 ab
1096 551 1133 590 eo

216 613 384 687 requireret,
414 611 497 669 modo
528 611 656 686 aliquam
689 609 745 685 [ei]
773 611 962 684 quaestionem
987 612 1130 684 poeticam

160 702 163 706 ’
214 700 393 767 proponeret,
417 689 560 748 interdurn
586 688 690 763 jocans
717 689 782 763 ejus
806 689 985 746 verbosiores
1009 689 1131 748 eliceret

174 769 360 846 bapistolas.
402 769 449 828 Ex
474 789 532 845 qno
553 767 667 834 accidit,
683 786 773 843 quum
799 767 868 824 aedis
892 767 973 824 Jovis
995 767 1128 839 Feretrii,

214 848 245 904 in
259 848 400 924 Capitolio
415 849 451 906 ab
467 847 592 906 Romulo
606 848 770 915 constituta,
786 855 928 903 vetustate
944 855 1030 920 atque
1045 847 1127 905 incu-

213 927 257 984 ria
277 927 392 984 detecm
406 927 613 1003 prolaberetur,
629 935 661 983 ut
681 926 772 983 Attici
787 925 934 982 admonitu
949 925 1127 984 Caesaream

173 1010 192 1063 4
213 1005 399 1064 reficiendam
419 1016 545 1067 curaret.
569 1005 675 1080 Neque
690 1023 759 1062 vero
778 1005 814 1061 ab
829 1003 871 1060 M.
888 1004 1019 1062 Antonio'
1030 1005 1127 1064 minus

212 1084 316 1142 absens
331 1085 433 1144 litteris
447 1086 612 1144 colebatur:
636 1084 715 1153 adeo,
732 1094 763 1148 ut
778 1093 914 1140 accurate
936 1083 986 1139 ille
1001 1102 1037 1138 ex
1061 1085 1126 1142 ulti-

211 1164 267 1220 mis
281 1165 375 1233 terris,
383 1165 453 1240 quid
469 1174 577 1241 ageret,
587 1163 656 1238 quid
671 1180 751 1219 curae
765 1163 819 1220 sibi
834 1162 961 1231 haberet,
972 1163 1125 1220 certiorem

171 1246 190 1298 6
212 1241 323 1300 faceret
337 1243 480 1300 Atticum.
523 1243 588 1300 Hoc
602 1241 697 1317 quale
704 1243 749 1310 sit,
765 1241 881 1298 facilius
896 1242 1070 1300 existimabit
1091 1243 1126 1312 is,

210 1323 261 1396 qui
272 1322 406 1397 judicare
421 1323 531 1398 poterit,
541 1331 658 1398 quantoe
668 1322 704 1377 sit
719 1321 876 1396 sapientiae,
888 1339 987 1377 eorum
1000 1321 1125 1380 retinere

212 1419 297 1458 usum
314 1401 609 1478 benevolentiamque,
625 1400 701 1457 inter
722 1418 794 1474 quos
816 1400 1009 1456 maximarum
1025 1418 1124 1456 rerum

210 1496 267 1536 uon
282 1480 375 1546 solum
391 1481 545 1550 aemulatio,
561 1479 610 1538 sed
628 1480 796 1536 obtrectatio
818 1489 897 1536 tanta
918 1478 1123 1548 intercedebat,

209 1569 348 1633 quantam
363 1557 416 1616 fuit
431 1559 558 1617 incidere
573 1577 692 1615 necesse
707 1559 782 1615 inter
798 1557 944 1615 Caesarem
960 1557 1046 1632 atque
1061 1559 1123 1614 An-

209 1639 329 1706 tonium,
353 1657 445 1712 quum
467 1658 499 1695 se
521 1649 643 1713 uterque
667 1637 826 1712 principem
849 1654 906 1692 nou
927 1636 1020 1693 solum
1043 1637 1124 1694 urbis

210 1715 359 1786 Romanae,
375 1717 424 1773 sed
439 1718 515 1774 orbis
529 1727 673 1774 terrarum
688 1735 751 1773 esse
765 1735 802 1772 cu
803 1725 896 1794 peret

171 1798 186 1851 1
251 1794 331 1853 XXI.
355 1794 424 1852 Tali
444 1795 527 1853 modo
540 1815 632 1871 quum
654 1804 763 1870 septem
777 1805 806 1851 et
829 1794 1011 1871 septuaginta
1033 1813 1127 1852 annos

209 1865 389 1950 complesset,
406 1885 492 1949 atque
507 1874 543 1930 ad
564 1883 724 1932 extremam
739 1883 919 1931 senectutem
943 1888 1000 1930 non
1025 1875 1122 1932 minus
1190 1889 1199 1912 t

209 1951 357 2028 dignitate,
367 1972 455 2027 quarn
465 1954 559 2030 gratia
569 1951 741 2028 fortunaque
752 1954 892 2010 crevisset
894 1953 1032 2029 ,(multas
1043 1955 1121 2010 enirn

209 2031 383 2089 hereditates
398 2031 479 2088 nulla
494 2033 552 2089 alia
568 2051 608 2102 re,
624 2051 712 2109 quem
728 2033 862 2100 bonitate,
874 2043 917 2088 est
932 2033 1120 2123 consecutus)

208 2118 345 2185 tantaque
369 2105 557 2186 prdsperitate
584 2130 654 2170 usus
675 2122 751 2168 esset
770 2109 958 2180 valetudinis,
982 2121 1013 2170 ut
1037 2112 1120 2168 annis
1206 2107 1209 2114 ⁴

169 2189 327 2266 2triginta
341 2189 486 2247 medicina
499 2209 556 2248 noa
579 2190 766 2266 indiguisset:
788 2201 892 2248 nactus
913 2200 956 2248 est
976 2190 1120 2261 morbum,
1148 2201 1150 2204 '
1227 2190 1233 2200 “

208 2286 296 2342 quem
310 2269 392 2326 initio
406 2279 434 2326 et
451 2270 512 2346 ipse
527 2280 555 2328 et
570 2269 675 2326 medici
689 2278 932 2346 contempserunt.
975 2269 1054 2324 Nam
1069 2287 1118 2344 pu-

207 2356 305 2405 tarunt
329 2365 392 2404 esse
418 2357 577 2420 tenesmon,
600 2349 649 2406 cui
674 2348 803 2404 remedia
825 2347 934 2405 celeria
962 2347 1118 2422 faciliaque

169 2429 187 2482 3
208 2427 449 2502 proponebantur.
492 2427 525 2485 ln
550 2428 604 2485 hoc
627 2445 719 2502 quum
743 2437 802 2484 tres
826 2445 940 2484 menses
964 2427 1026 2483 sine
1051 2427 1119 2483 ullis

207 2505 362 2575 doloribus,
377 2517 571 2583 praeterquam
592 2525 665 2584 quos
678 2525 715 2564 ex
729 2507 880 2563 curatione
895 2507 1036 2582 capiebat,
1051 2524 1116 2562 oon·
1202 2560 1206 2571 ,

202 2586 394 2660 sumpsisset:
418 2587 511 2644 subito
525 2596 604 2643 tanta
619 2587 663 2642 vis
681 2586 771 2642 morbi
786 2585 814 2641 in
838 2603 929 2642 unum
951 2585 1117 2642 intestinum

207 2666 345 2740 prorupit,
362 2675 393 2722 ut
413 2675 542 2722 extremo
556 2674 682 2740 ternpore
698 2683 750 2740 per
774 2664 887 2722 lumbos
908 2663 1006 2720 fistula
1026 2665 1119 2740 putris

167 2746 187 2798 4
207 2744 344 2818 eruperit.
388 2744 486 2819 Atque
501 2744 555 2802 hoc
571 2745 739 2819 priusquam
754 2744 781 2800 ei
797 2743 950 2812 accideret,
966 2754 1116 2820 postquam
1182 2739 1187 2746 '

207 2821 238 2877 in
260 2822 320 2878 dies
341 2821 453 2880 dolores
478 2841 647 2880 accrescere
676 2821 827 2898 febresque
849 2823 1007 2880 accessisse
1028 2823 1117 2879 sensit

208 2900 371 2976 Agrippam
391 2920 533 2978 generum
549 2901 584 2958 ad
605 2921 636 2958 se
651 2901 762 2958 arcessi
779 2901 875 2975 jussit,
890 2912 918 2957 et
939 2919 1007 2959 cum
1022 2921 1057 2958 eo
1077 2900 1114 2960 L

167 2978 376 3038 scemenum
398 2981 523 3038 Balbum
546 2980 726 3071 Sextumque
752 2978 937 3036 Peducaeum.
994 2979 1056 3037 Hos
1085 2990 1117 3037 ut

207 3060 322 3116 venisse
337 3060 416 3130 vidit,
397 3061 462 3116 tin
484 3059 648 3116 cubitum'
640 3059 776 3116 innixus:
798 3068 936 3134 quantun,
952 3060 1053 3133 inquit,
1070 3078 1115 3116 ou-

205 3155 267 3194 rom
282 3101 533 3214 diligentiamque
521 3139 724 3195 invaletudine
738 3157 798 3196 neo
813 3139 915 3194 tuendo
936 3139 985 3194 lico
999 3147 1116 3211 tempore

206 3215 387 3285 adhibuerim,
402 3235 485 3290 quum
499 3237 547 3274 uos
561 3226 643 3275 testes
654 3217 777 3285 boboam,
793 3217 866 3273 nibil
876 3235 988 3274 necesse
1002 3226 1042 3273 est
1052 3218 1115 3289 piu

205 3294 285 3351 ribus
306 3295 399 3352 uubis
421 3313 637 3353 conmemorare.
683 3293 792 3366 Quibus
815 3298 952 3370 quoniam,
973 3304 1024 3351 ut
1025 3314 1115 3368 spero,

206 3369 342 3449 satisfeci,
357 3393 398 3430 ne
412 3375 485 3432 nibil
501 3375 603 3448 reliqui
613 3372 733 3452 secisse,
752 3377 825 3448 quon
843 3376 882 3430 ud
905 3376 1061 3431 sanandum
1075 3387 1116 3432 ne

167 3455 186 3508 6
202 3455 364 3543 pertineret,
379 3453 515 3526 reliquum
529 3464 578 3522 est,
594 3463 624 3510 ut
634 3463 736 3528 egmnet
749 3453 817 3509 mibi
831 3451 1055 3510 cucumula
1069 3471 1125 3509 uos

272 3548 336 3587 rore
349 3532 436 3586 nolui.
479 3529 556 3586 Nom
572 3533 639 3588 milri
660 3541 723 3600 emt,
738 3532 814 3588 olere
834 3532 956 3588 morbum
977 3533 1114 3590 desinere.
1147 3589 1150 3596 ,

238 3626 335 3681 unque
349 3608 393 3664 tus
407 3608 504 3665 diebus
524 3611 661 3700 quidquid
680 3609 735 3666 eibi
748 3610 945 3686 flictionuque]
966 3611 1062 3677 worn,
1078 3613 1116 3666 itu

203 3686 326 3757 prodwi
339 3688 431 3756 uitem,
441 3695 472 3743 ut
484 3689 611 3742 auserim
624 3688 734 3745 dolores
747 3691 807 3745 sine
818 3707 867 3762 spe
881 3707 913 3745 so
916 3689 992 3746 iutra.
1020 3685 1115 3759 Quare
