2608 4300
396 1311 420 1384 Ι.
473 1308 921 1383 MILTIADES.

572 1569 747 1580 ...a-a·—

498 1742 813 1814 senonensem

183 1901 282 1960 GAP.
297 1900 323 1958 I.
345 1900 412 1956 Dua
426 1900 578 1958 colonorum
593 1901 622 1956 in
636 1900 836 1958 Chersonesum
849 1897 978 1956 mittitur.
1013 1897 1084 1957 Irri-

220 1981 301 2038 detur
311 2001 329 2037 a
339 1981 472 2038 Lemniis
495 1978 538 2034 II.
555 1979 723 2036 Chersoneso
730 1975 845 2054 potitur.
868 1977 1001 2034 Lemnum
1012 1989 1085 2054 eaput

219 2070 247 2116 et
262 2059 407 2135 Cyclades.
448 2059 503 2115 III
503 2104 509 2115 .
529 2060 634 2116 Pontis
644 2062 674 2116 in
689 2061 786 2118 Histro
797 2067 917 2116 tustosu
928 2055 1027 2126 Dario,
1038 2057 1086 2134 qui

222 2138 345 2214 Scythas
356 2139 423 2194 bello
433 2137 552 2214 petebat,
562 2141 748 2195 constituitur.
780 2139 840 2195 Dat
851 2139 994 2195 eonsilium
1006 2137 1086 2194 liber·

220 2219 290 2273 tatis
300 2218 498 2293 recuperanda.
521 2218 566 2273 Ab
577 2217 697 2276 Histiae
708 2218 862 2293 impeditur.
893 2217 912 2272 I
915 2217 948 2272 V.
963 2215 1033 2272 Suis
1043 2225 1085 2272 est

220 2307 325 2364 auctor,
339 2307 370 2352 ut
383 2296 542 2371 ingentibus
555 2297 649 2370 copiis,
662 2316 679 2351 a
690 2295 778 2352 Dorio
790 2296 827 2352 ad
834 2295 990 2370 puniendos
999 2293 1085 2350 Atte-

219 2375 329 2430 nienses
342 2375 446 2442 missis,
461 2375 566 2430 obuiam
582 2384 654 2429 eant.
694 2374 728 2430 V.
749 2377 824 2432 Ante
838 2374 971 2430 sotiorum
985 2372 1085 2428 aduen-

220 2463 277 2508 tum
298 2454 384 2508 vineit
409 2451 536 2508 Darium.
588 2451 640 2508 VI.
662 2451 813 2508 Promium
836 2453 965 2508 uictoria.
1013 2447 1085 2504 VIL·

223 2529 334 2586 Omittit
348 2533 574 2606 oppugnationem
588 2529 672 2586 Pari.
711 2529 870 2586 Damnatus
884 2539 910 2584 et
924 2530 953 2584 in
966 2525 1085 2584 uinculis

219 2610 346 2664 moritum
391 2608 478 2663 VIII.
505 2609 577 2664 Vera
591 2609 652 2683 ejus
665 2609 851 2664 dannationis
865 2625 961 2662 causa.

222 2763 248 2820 Ι.
290 2762 448 2832 Miltiades,
472 2764 600 2821 Cunanis
622 2765 708 2833 filius,
733 2762 930 2829 Atheniensis,
947 2778 1034 2836 quum
1055 2767 1120 2820 etl

181 2841 350 2915 antiquitate
370 2842 496 2930 generis,
510 2853 539 2898 et
543 2843 649 2918 gloria
666 2843 814 2938 mejqrum,
829 2851 857 2898 et
871 2859 923 2900 sun
941 2837 1084 2897 modestia
1172 2885 1174 2890 .

180 2939 255 2978 unus
267 2919 394 2976 emnium
407 2921 529 2978 maxime
544 2921 658 2978 floreret
660 2939 770 2994 ,eaque
783 2929 862 2976 esset
873 2929 965 2993 atate,
975 2929 1006 2974 ut
1023 2917 1103 2993 jam

180 3017 238 3056 non
262 2999 356 3056 solum
379 2997 415 3056 de
440 3017 476 3055 eo
499 3001 573 3056 bene
600 3001 752 3074 sperare,
748 2999 802 3055 sed
826 2998 912 3054 etiam
936 2962 1082 3054 cinfidere

181 3078 261 3136 aives
280 3087 401 3153 possent
414 3078 469 3146 sui,
483 3079 571 3134 talem
590 3078 665 3138 futur
685 3077 1061 3150 m,qualemeogni-515

180 3165 240 3212 tum
257 3157 436 3232 judicarunt:
409 3155 578 3224 ιιοοιιιιιζ
573 3098 964 3211 u'tAtliixiiensesCherso·
1001 3167 1021 3194 ⁸·
1030 3157 1054 3195 0·
1063 3169 1085 3196 ¹¹·

181 3253 284 3291 nasum
308 3235 427 3290 colonos
448 3235 558 3290 vellent
581 3233 704 3288 mittere.
747 3233 836 3321 Cujus
853 3234 977 3320 generis
996 3239 1121 3306 quum2

127 3365 132 3372 .
181 3331 303 3387 magnus
330 3331 465 3398 numerus
495 3321 584 3378 esset,
613 3318 642 3366 et
631 3311 748 3366 tmulti
757 3312 837 3384 'ejus
866 3310 1082 3385 demigrationis

181 3400 313 3465 peterent
323 3385 507 3445 socie'tatem:
529 3407 566 3443 ex
576 3354 623 3444 ins
635 3387 741 3444 delecti
753 3371 884 3462 Delphos
895 3387 1083 3444 deliberatum

107 3465 112 3474 ¹
182 3467 264 3524 missi
284 3475 359 3534 sunt,
373 3466 422 3539 qui
441 3467 625 3522 consulerent
639 3465 811 3540 Apollinem,
829 3483 885 3538 quo
904 3465 1084 3538 potissimum

183 3547 256 3602 duce
270 3553 427 3601 uterentur.
468 3543 628 3620 Nam[que]
650 3556 710 3599 tum
731 3542 862 3598 Threces
883 3561 933 3596 eas
948 3542 1082 3616 regiones

184 3625 327 3691 tenebant,
307 3632 406 3677 tcum
419 3619 521 3710 quibus
537 3621 622 3676 annis
638 3631 699 3677 erat
713 3619 914 3676 dimicandum.
948 3619 1083 3675 Hiseon-
1105 3622 1122 3673 3
1191 3639 1202 3652 Δ·

185 3665 343 3758 sulentibds
354 3699 521 3755 nominatim
536 3698 641 3772 Pythia
654 3698 800 3771 pracepit,
810 3707 842 3751 ut
856 3695 1017 3749 Miltiadem
1028 3695 1084 3750 sibi

185 3779 384 3852 imperatorem
395 3787 557 3832 sumerent:
580 3776 609 3830 id
621 3774 808 3837 alisiensem,
819 3772 936 3838 incepta
949 3785 1087 3838 prospera
