2608 4300
391 352 519 420 XXIII.
567 363 613 418 13.
657 355 861 436 (Hannibal.)
1034 359 1076 416 95

149 507 263 584 scripti,
278 508 345 583 qui,
364 507 535 566 Hannibale
550 510 623 579 vivo,
647 525 805 584 numquam
829 525 860 566 se
884 507 946 564 sine
967 505 1078 564 insidiis

149 586 266 644 futuros
281 588 505 656 existimarent,
521 587 629 662 legatos
649 588 678 644 in
700 587 868 660 Bithyniam
883 585 1031 654 miseruut,
1047 585 1077 642 in

148 665 194 722 his
209 665 436 734 Flamininum,
447 667 498 740 qui
514 667 549 722 ab
564 683 631 742 rege
647 675 785 742 peterent,
797 683 833 722 ne
845 665 1076 722 inimIeissImum

65 753 68 760 '
148 763 238 802 suum
251 763 365 800 secum
380 745 512 812 haberet,
528 745 639 818 sibique
652 744 781 800 dederet.
824 741 879 799 His
894 741 1011 800 Prusias
1027 745 1115 800 aad

148 842 221 899 gare
237 839 341 880 ausus
367 841 425 882 non
451 833 514 893 est;
538 823 610 879 illud
636 823 792 889 recusavit,
817 839 853 878 ne
874 820 935 877 ida
956 841 987 878 se
1011 821 1075 879 fieri

149 902 355 978 postularent,
382 902 459 976 quod
487 900 625 958 adversus
642 901 692 976 jus
716 901 829 976 hospitii
848 910 942 971 esset3
965 901 1027 976 ipsi,
1049 899 1074 958 si

149 990 281 1055 possent,
307 979 608 1055 comprehenderent:
630 980 737 1046 locum,
754 979 802 1036 ubi
825 987 909 1046 esset,
925 977 1011 1036 facile
1032 979 1073 1036 in·

150 1069 309 1116 venturos·
338 1058 488 1115 Hannibal
502 1058 578 1114 enim
590 1076 646 1114 uno
655 1058 717 1114 loco
726 1075 757 1114 se
772 1058 887 1114 tenebat
901 1057 929 1113 in
945 1057 1073 1126 castello,

151 1137 228 1212 quod
245 1138 276 1195 ei
301 1139 343 1194 ab
358 1153 426 1212 rege
442 1136 541 1192 datum
555 1146 617 1194 erat
633 1137 763 1192 muneri:
786 1135 872 1212 idque
893 1135 936 1192 sie
951 1135 1073 1193 oedilica·

152 1226 206 1285 rat,
229 1228 263 1274 ut
281 1216 316 1272 in
333 1216 468 1272 omnibus
483 1215 611 1292 partibus
625 1215 738 1272 aedificii
752 1215 862 1272 exitum
877 1214 932 1272 sibi
947 1215 1072 1283 haberet,

152 1299 275 1369 semper
301 1313 418 1362 verens,
445 1312 483 1350 ne
509 1312 562 1353 usu
587 1294 706 1362 veniret,
732 1292 809 1369 quod
837 1291 951 1350 accidit.
1005 1291 1113 1350 linet

153 1390 248 1447 quum
264 1375 362 1452 legati
384 1372 581 1429 Romanorum
596 1373 750 1441 venissent,
767 1391 801 1429 ac
823 1370 1006 1428 multitudine
1027 1371 1073 1427 do-

154 1469 238 1508 mum
262 1455 333 1529 ejus
347 1449 614 1520 circumdedissent,
630 1469 703 1526 puer
727 1451 763 1508 ab
782 1450 874 1526 janna
899 1449 1076 1525 prospiciens

155 1527 329 1588 Hannibali
343 1530 425 1598 dixit,
442 1529 540 1604 plures
564 1541 667 1604 praeter
689 1528 925 1586 consuetudieem
951 1537 1075 1584 armatos

157 1627 318 1684 apparere.
360 1608 422 1673 Qui
431 1609 583 1682 Imperavit
596 1608 632 1678 ei,
648 1617 680 1666 ut
688 1626 786 1664 omnes
801 1605 877 1663 fores
891 1605 1005 1662 oedifioii
1019 1607 1074 1663 eir-

157 1689 298 1757 cnmiret,
317 1706 351 1745 ae
367 1704 487 1761 propere
506 1687 559 1742 sibi
575 1687 762 1754 renuntiaret,
782 1703 851 1742 uum
869 1683 969 1741 eodem
992 1683 1073 1742 modo

158 1765 295 1840 undique
310 1765 500 1823 obsideretur.
542 1765 618 1822 Puer
632 1783 724 1840 quum
743 1763 884 1833 celeriter,
900 1762 967 1837 quid
987 1774 1071 1834 esset,
1093 1767 1112 1822 5

159 1845 369 1913 renuntiasset,
395 1861 553 1918 omnesque
580 1845 675 1900 exitus
699 1853 854 1918 occupatos
881 1841 1070 1916 ostendisset3

160 1919 264 1991 sensit,
280 1923 310 1978 id
334 1941 391 1979 non
414 1920 529 1979 fortuito
551 1920 669 1992 factum,
691 1921 740 1978 sed
765 1941 796 1978 se
820 1921 885 1996 peti,
901 1939 995 1997 neque
1017 1921 1072 1978 sibi

161 1999 274 2057 diutius
289 2001 378 2058 vitam
393 2019 458 2058 esse
473 2000 660 2056 retinendam.
689 1999 802 2074 ‘Quam
827 2018 863 2056 ne
889 2000 982 2057 alieno
997 2001 1071 2057 arbi·

162 2079 219 2135 trio
242 2080 409 2148 dimitteret,
425 2096 535 2135 memor
554 2079 740 2154 pristinarum
757 2079 904 2148 virtutum,
926 2073 1072 2136 uenenum

163 2158 241 2232 quod
256 2177 373 2234 semper
386 2175 486 2214 mcum
504 2158 610 2214 habere
625 2169 824 2226 consueverat,
841 2159 970 2232 sumpsit.

206 2235 287 2299 XIII.
311 2237 361 2293 Sic
376 2237 421 2293 vir
436 2234 615 2302 fortissimus,
631 2235 730 2293 multis
745 2237 888 2311 variisque
904 2234 1072 2312 perfunctus
1094 2240 1108 2294 l

165 2311 324 2383 laboribus,
342 2333 417 2371 anno
440 2315 585 2390 acquievit
609 2315 830 2392 septuagesimo.
872 2315 987 2380 Quibus
1004 2333 1070 2372 con·

167 2389 278 2450 sulibus
292 2394 443 2460 interierit,
458 2411 515 2450 non
530 2395 672 2450 convenit.
703 2393 838 2468 Namque
854 2393 978 2460 Atticus,
996 2391 1071 2449 Mar·

168 2487 201 2525 oo
211 2471 334 2529 Claudio
350 2471 499 2540 Marcello,
512 2472 549 2536 Q.
564 2473 654 2528 Fabio
669 2471 804 2528 Labeone
818 2471 900 2528 Coss.
917 2481 1070 2540 mortuum,

168 2547 195 2603 in
210 2551 308 2606 annali
323 2569 376 2606 suo
389 2551 528 2625 seriptum
541 2551 657 2625 reliquit
666 2571 675 2622 ;
698 2561 726 2607 at
742 2550 888 2624 Polybius,
898 2547 935 2606 L.
952 2549 1072 2606 AEmilio

169 2625 270 2684 Paullo
291 2638 320 2684 et
344 2627 398 2684 Cn.
415 2629 514 2684 Baebio
538 2629 711 2704 Tamphi103
734 2629 883 2705 Sulpicius
908 2636 1014 2696 autem,
1037 2625 1068 2683 P.

167 2704 299 2764 Cornelio
323 2706 460 2784 Cethego,
486 2705 527 2762 M.
553 2708 652 2764 Baebio
677 2707 841 2783 Tamphilo·
897 2705 995 2780 Atque
1023 2705 1070 2764 hic
1091 2712 1110 2764 2

149 2793 263 2841 'tantus
277 2784 322 2840 vir
340 2786 485 2859 tantisque
508 2786 591 2842 bellis
611 2786 758 2843 districtus
782 2783 912 2840 nonnihil
935 2785 1071 2860 temporis

165 2863 265 2920 tribuit
279 2863 392 2920 litteris
434 2863 570 2939 Namque
586 2864 695 2938 aliquot
709 2864 773 2938 ejus
794 2863 860 2920 libri
873 2873 949 2933 sunt,
965 2863 1070 2921 Graeco

165 2959 297 2998 sermone
320 2941 462 3014 coniecti3
496 2943 526 2997 in
550 2943 596 2999 his
616 2942 652 2998 ed
677 2941 802 2999 Rhodios
826 2941 861 2999 de
884 2942 939 2999 Cn.
966 2941 1070 2999 Manlii

165 3019 305 3076 Vulsonis
318 3021 349 3076 in
364 3021 439 3076 Asia
455 3020 541 3076 rebus
554 3021 653 3096 gestis.
689 3019 788 3097 Hujus
803 3019 878 3078 bella
892 3030 973 3096 gesta
988 3021 1069 3078 multi
1090 3026 1109 3080 3

165 3100 311 3154 memoriae
336 3098 540 3174 prodiderunt:
561 3099 611 3155 sed
636 3117 672 3156 ex
697 3099 742 3154 his
756 3099 821 3167 duo,
836 3100 886 3172 qui
907 3117 976 3155 cum
992 3119 1025 3156 eo
1039 3101 1070 3156 iu

165 3178 268 3233 castris
297 3175 417 3234 fuerunt
449 3177 593 3250 simulque
619 3177 761 3244 vixerunt,
789 3177 928 3251 quamdiu
957 3175 1071 3236 fortuna

164 3273 249 3330 passa
273 3264 325 3324 est,
348 3255 477 3322 Silenus,
493 3265 521 3311 et
544 3255 655 3312 Sosilus
679 3253 928 3313 Laeedaemonius.
970 3257 1069 3333 Atque

164 3332 218 3390 hoc
232 3333 326 3390 Sosilo
340 3332 489 3392 Hannibal
501 3331 662 3390 litterarum
678 3332 849 3390 Graecarum
865 3353 935 3391 usus
948 3348 991 3392 est
1005 3334 1070 3394 doe·

163 3419 234 3467 tore.
276 3411 336 3468 Sed
359 3429 412 3468 nos
435 3421 548 3487 tempus
563 3422 606 3468 est
630 3411 718 3486 hujus
731 3411 797 3468 libri
820 3411 916 3470 facere
930 3413 1027 3482 finem,
1042 3420 1109 3473 etd

164 3487 363 3547 Romanorum
372 3489 519 3564 explicare
530 3489 734 3566 imperatores:
755 3507 812 3564 quo
827 3491 943 3550 facilius
957 3491 1071 3549 collatis

163 3577 355 3644 utrorumque
370 3566 464 3637 factis,
483 3566 535 3641 qni
549 3569 605 3626 viri
625 3565 796 3644 praeferendi
810 3569 876 3640 sint,
891 3569 978 3645 possit
995 3568 1070 3643 judi-

163 3660 235 3701 ean.
