2608 4300
80 293 84 322 l

226 339 268 396 56
493 327 580 390 XIV.
605 333 633 390 6.
680 327 864 408 (Datames.)

222 479 316 536 lentur
341 475 377 532 ad
404 493 502 532 eorum
528 475 696 551 pemiciem‚
723 491 841 547 quorum
864 473 951 531 ductu
978 493 1025 534 res
1048 477 1126 534 male

222 567 313 631 gestae
325 554 499 611 nuntientur.
540 555 626 610 Illum
639 553 695 609 hoc
707 553 814 628 majore
829 551 889 608 sore
904 552 934 608 in
949 553 1125 624 discrimine,

222 633 307 708 quod,
321 633 421 706 quibus
438 649 489 688 rex
501 631 626 688 maxime
637 630 761 699 obediat,
773 649 824 686 eos
838 631 943 687 habeat
957 632 1124 690 inimicissi-

183 718 202 769 5
222 729 295 769 moe.
336 709 457 766 Talibus
478 709 528 768 ille
549 709 653 767 litteris
668 709 802 784 cognitis,
816 725 901 782 quum
918 711 977 785 jam
992 711 1027 767 ad
1042 730 1124 767 exer·

223 790 310 847 eitum
321 790 404 846 Acen
413 788 552 857 venisset,
561 787 636 861 quod
649 805 707 844 non
715 788 871 862 ignorabat,
881 806 917 844 ea
925 807 992 844 vere
1007 789 1124 864 scripta,

222 868 391 924 desciscere
413 886 430 922 a
449 867 690 952 rtgtssonslituij·
733 865 836 938 Neque
856 876 951 922 temen
973 867 1124 940 quicquam

183 949 202 1004 6
222 946 302 1014 fecit,
316 945 391 1018 quod
404 945 463 1018 fida
475 946 528 1001 'sua
542 955 622 1001 esset
635 943 792 1019 indignum.
834 943 911 1000 Nam
925 945 1122 1004 Mandroclem

222 1025 389 1098 Magnetem
403 1023 542 1080 exercitui
555 1014 701 1098 praefecit3
726 1023 789 1098 ipse
805 1040 870 1078 cum
883 1022 944 1078 suis
965 1022 995 1078 in
1010 1023 1122 1097 Cappa-

222 1103 334 1162 dociam
344 1100 1122 1256 discedit,wnjrrnctmqufflqupffssgniamocmr-

412 1184 511 1239 celans
558 1191 694 1238 navoun
770 1201 785 1238 e
865 1182 877 1192 ’“
959 1201 1018 1238 em·
1048 1183 1122 1239 clam

221 1214 284 1304 *ag-²
293 1273 315 1302 ¹¹·
339 1193 406 1318 lidii]
421 1202 614 1318 Ariobdrdane
625 1183 695 1318 fulcit
708 1260 872 1329 amicitiam,
882 1279 996 1317 manum
1010 1225 1122 1336 bompa-

221 1351 273 1409 rat,
287 1342 374 1398 urbes
387 1341 510 1396 munitas
524 1339 586 1397 suis
600 1339 722 1396 tuendas
736 1339 829 1396 tradit.

185 1424 198 1476 1
263 1408 316 1476 Vl.
340 1419 401 1475 Sed
414 1419 476 1476 haec
491 1429 606 1493 propter
619 1417 744 1475 hiemale
753 1430 866 1494 tempus
879 1416 974 1474 minus
985 1435 1121 1493 prospere

220 1498 426 1574 procedebant.
467 1496 564 1566 Audit,
578 1497 694 1562 Pisidas
708 1496 963 1570 quasdam'copias
985 1495 1122 1554 adversus

222 1596 255 1632 se
269 1595 380 1651 parare.
424 1575 530 1632 Filium
554 1593 589 1632 eo
610 1575 763 1633 Arsideum
788 1593 853 1630 cum
877 1575 1005 1631 exercitu
1029 1575 1121 1633 mittit.

222 1654 308 1712 Cadit
321 1655 351 1710 in
371 1654 473 1728 proelio
487 1653 670 1711 adolescens.
712 1653 908 1710 Proficiscitur
922 1661 957 1709 eo
971 1664 1052 1728 pater
1063 1672 1121 1710 non

201 1762 203 1768 v
221 1733 262 1788 ita
275 1751 341 1788 cum
353 1750 457 1806 magna
470 1750 564 1800 manu,
574 1732 684 1800 celans,
693 1743 826 1806 quentmn
834 1729 937 1788 v'ulnus
949 1732 1122 1806 accepisset,

221 1810 297 1884 quod
317 1811 396 1885 prius
411 1809 447 1866 ad
470 1809 585 1867 hostem
604 1811 755 1884 pervenire
777 1808 918 1886 cupiebat,
932 1810 1075 1890 quamde
1090 1830 1122 1867 re

221 1889 298 1946 male
320 1897 403 1962 gesta
426 1887 501 1944 fama
522 1887 558 1944 ad
582 1907 650 1944 suos
673 1885 907 1963 perveniret,'ne
932 1888 1047 1964 cognita
1069 1890 1121 1946 filii

182 1973 200 2025 2
222 1976 312 2024 morte
327 1966 413 2022 animi
438 1966 651 2023 debilitarentur
675 1967 804 2024 militum.
848 1967 914 2032 Quo
928 1967 1122 2036 contenderat,

168 2115 171 2120 Ι
221 2044 362 2121 pervenit,
376 2045 478 2118 hisque
502 2044 577 2102 locis
592 2056 687 2102 castra
706 2045 795 2120 ponit,
809 2055 839 2102 ut
851 2055 955 2118 ,neque
978 2045 1121 2102 circumiri
1200 2051 1203 2056 “

221 2123 401 2180 multitudine
422 2124 649 2183 adversariarum
668 2134 777 2199 posset,
789 2117 884 2198 'neqhe
905 2124 1047 2198 impediri,
1067 2143 1121 2199 quo

183 2207 201 2260 3
221 2202 315 2258 minus
330 2201 367 2258 ad
381 2202 574 2276 dimicandum
586 2221 701 2264 manum
714 2203 833 2260 haberet
848 2199 1019 2277 expeditam.
1052 2203 1122 2260 Erat

222 2299 288 2337 cum
302 2298 345 2346 eo¹
357 2280 614 2351 Mithrobarzanes,
629 2272 714 2338 s'ocer
734 2281 807 2356 ejus,
821 2281 972 2356 praefectus
988 2281 1111 2355 equitum

221 2359 262 2428 Is,
282 2359 443 2434 desperatis
466 2359 575 2442 gaheri*
587 2360 689 2430 rebus,
705 2359 741 2416 ad
765 2357 864 2416 hostes
885 2358 1045 2434 transfugit.
1088 2325 1123 2416 ld

222 2438 361 2495 Datames
385 2435 415 2494 iit
439 2433 555 2506 audiiit,
578 2438 679 2508 sensit,
701 2438 728 2494 si
751 2437 782 2494 in
805 2439 915 2494 turbam
940 2438 1059 2508 exisset,
1086 2441 1121 2494 ab

220 2515 338 2574 homine
362 2527 421 2574 tam
434 2515 602 2573 necessario
623 2535 656 2572 se
678 2517 819 2586 relictum,
834 2515 966 2600 futmpm,
980 2527 1010 2572 ut
1032 2517 1122 2572 ceteri

181 2600 200 2652 4
222 2596 374 2652 consilium
383 2605 577 2669 sequerentur.
599 2593 827 2670 Invulguseditt
850 2587 902 2651 suo
907 2595 991 2670 jussu
1002 2585 1122 2661 Mithr'o·

221 2675 373 2730 barzanem
396 2673 554 2748 profectum
577 2692 629 2748 pro
649 2673 777 2750 perfuga,
791 2692 847 2747 quo
859 2672 974 2730 facilius
988 2685 1122 2749 receptus

220 2751 396 2808 interficeret
416 2751 526 2808 hostes.
568 2753 666 2818 Quare
680 2752 802 2826 relinqui
817 2770 883 2808 eum
895 2769 953 2807 non
972 2770 1024 2827 par
1044 2771 1123 2821 esse,

222 2837 252 2885 et
264 2848 364 2886 omnes
381 2829 533 2886 confestim
546 2830 638 2904 sequi.
661 2831 746 2896 Quod
760 2831 786 2888 si
800 2830 895 2886 animo
909 2840 1024 2887 strenuo
1035 2829 1123 2886 fecis-

221 2917 296 2976 sent,
309 2906 441 2976 futurum,
455 2918 486 2964 ut
499 2908 656 2965 adversarii
670 2927 728 2966 nou
741 2918 860 2984 possent
877 2907 1024 2980 resistere,
1038 2927 1123 2984 quum

182 2989 201 3040 5
222 2995 251 3042 et
274 2985 348 3042 intra
361 2985 468 3041 vallum
489 2995 518 3042 et
542 2985 611 3042 foris
633 2986 820 3065 crederentur.
863 2987 929 3044 Hac
943 3005 975 3043 re
996 2989 1123 3061 probata,

221 3063 380 3120 exercitum
409 3063 514 3133 educit,
546 3063 806 3121 Mithrobarzanem
835 3065 1034 3140 persequitur;
1074 3066 1122 3140 qui

220 3151 327 3196 tantum
338 3142 413 3214 quod
426 3143 463 3199 ad
476 3142 576 3200 hostes
590 3153 769 3217 pervenerat,
778 3143 916 3200 Datames
931 3143 1015 3220 signe
1023 3142 1123 3200 inferri

182 3220 201 3276 6
218 3217 309 3294 jubet.
361 3219 477 3290 Pisi'dae,
499 3239 574 3278 nova
594 3240 625 3300 re
641 3220 783 3291 commoti,
797 3221 828 3280 in
850 3223 1015 3298 opinionem
1036 3221 1124 3278 addu-

222 3307 331 3365 cuntur,
355 3293 491 3376 perfugas
518 3301 594 3357 male
620 3299 677 3356 fide
706 3301 920 3376 compositoque
947 3300 1066 3369 fecisse,
1093 3311 1125 3356 ut

220 3374 330 3450 recepti
346 3387 446 3430 essent
463 3377 563 3452 majori
578 3379 742 3435 calamitati.
755 3386 760 3396 “
784 3379 911 3437 Primum
924 3396 976 3436 eos
991 3379 1124 3435 adoriun-

220 3463 274 3510 tur.
316 3453 372 3532 llri
385 3471 480 3526 quum,
493 3455 561 3528 quid
582 3468 722 3530 ageretur,
737 3466 784 3515 aut
804 3476 891 3531 quare
906 3459 997 3527 lieret,
1011 3457 1124 3532 ignore-

220 3542 292 3600 rent,
308 3531 402 3588 coacti
416 3541 491 3601 sunt,
506 3551 570 3588 cum
585 3535 629 3588 eis
649 3553 787 3610 pugnare,
802 3536 838 3592 ad
852 3555 922 3667 qpos
943 3536 1123 3603 transierant,

222 3610 257 3665 ab
277 3609 380 3682 hisque
394 3619 481 3691 stare,
495 3628 566 3682 quos
581 3610 762 3681 reliquerant.
800 3611 865 3684 *Qui
883 3633 917 3684 us
931 3631 1017 3684 quum
1030 3613 1122 3667 neutri
1208 3608 1212 3620 '

181 3689 202 3742 7
220 3697 380 3762 parcerent,
390 3686 525 3742 celeriter
538 3683 741 3743 suntconcisi.‘
756 3684 895 3762 Reliquos
910 3687 1122 3745 Pisidasrcsis·
