2608 4300
247 351 288 410 74
458 341 580 406 XVIII.
625 350 653 416 3,
669 351 698 406 4.
746 339 940 423 (Eumenes.)

246 496 420 573 persuadere
435 493 561 553 Eumeni
576 495 694 564 studuit,
710 504 742 552 ut
763 493 932 552 Perdiccam
947 493 1103 562 desereret,
1118 514 1152 553 ac

206 577 225 630 5
246 593 346 632 secum
362 573 470 632 faceret
490 576 665 632 societatem.
708 573 809 638 Quum
832 572 992 647 perducere
1007 592 1077 629 eum
1098 591 1153 630 non

245 663 347 728 posset,
363 652 525 710 interficere
540 664 660 710 conatus
673 661 734 723 est;
758 661 786 708 et
801 650 925 721 fecisset,
940 652 996 707 nisi
1010 652 1062 708 ille
1077 653 1153 708 clam

245 741 331 790 noctu
347 751 382 788 ex
397 730 538 806 praesidiis
551 731 615 806 ejus
629 730 785 806 effugisset.
1132 803 1133 809 1

208 813 222 866 1
285 809 337 868 III.
360 810 479 867 Interim
494 810 618 871 conflata
632 821 700 867 suut
720 809 770 866 illa
792 808 876 875 bella,
891 826 956 882 quae
971 807 1007 864 ad
1029 809 1152 866 interne-

245 888 357 946 cionem
382 897 443 964 post
468 887 626 944 Alexandri
651 899 771 945 mortem
792 897 873 962 gesta
897 896 972 955 sunt,
994 905 1153 962 omnesque

245 975 455 1025 concurrerunt
476 965 511 1022 ad
536 965 705 1024 Perdiccam
719 963 946 1042 opprimendum.
988 964 1088 1031 Quem
1102 967 1152 1022 etsi
1182 967 1184 972 ’

246 1045 393 1104 infirmum
408 1044 531 1113 ridebat,
547 1045 622 1121 quod
638 1063 713 1102 unus
727 1045 860 1102 omnibus
882 1043 1015 1102 resistere
1031 1044 1151 1120 cogeba-

246 1134 303 1193 tur,
325 1133 421 1180 tamen
443 1124 569 1180 amicum
590 1141 646 1180 non
668 1122 803 1190 deseruit,
818 1141 854 1178 ne
876 1139 912 1178 ue
936 1121 1048 1190 salutiS,
1062 1141 1153 1197 quam

207 1205 226 1258 2
246 1202 323 1271 fidei,
339 1201 393 1259 fuit
407 1202 548 1279 cupidior.
590 1201 766 1258 Praefecerat
780 1219 848 1258 eum
856 1140 1017 1257 l'erdiocas
1031 1201 1059 1258 ei
1080 1202 1153 1276 parti

247 1281 336 1350 Asis,
352 1299 417 1358 quae
442 1282 517 1337 inter
541 1279 675 1338 Taurum
691 1290 817 1336 montem
836 1279 916 1354 jacet
938 1289 1024 1355 atque
1039 1278 1152 1336 Helles·

248 1369 375 1433 pontum,
389 1368 417 1416 et
440 1359 523 1416 illum
545 1376 636 1415 unum
650 1366 822 1433 opposuerat
845 1357 997 1432 Europaeis
1010 1357 1151 1414 'adversa-

247 1438 298 1493 riis
307 1458 316 1509 ;
339 1439 400 1514 ipse
415 1437 575 1514 AEgyptum
589 1447 786 1513 oppugnatum
802 1436 941 1492 adversus
966 1435 1153 1492 Ptolemaeum

207 1519 226 1573 3
247 1528 310 1574 erat
331 1513 486 1591 profectus.
530 1515 678 1573 Eumenes
692 1531 783 1590 quum
798 1532 892 1589 neque
910 1532 1032 1590 magnas
1046 1516 1152 1590 copias,

247 1613 341 1672 neque
354 1595 454 1651 firmas
468 1595 595 1662 haberet,
606 1594 682 1668 quod
694 1603 722 1650 et
733 1593 937 1661 inexercitatae,
952 1602 980 1648 et
990 1608 1048 1648 non
1064 1592 1153 1650 multo

247 1683 313 1729 ante
327 1682 409 1730 erant
422 1682 591 1743 contractae3
615 1671 770 1729 adventare
786 1680 882 1728 autem
896 1671 1062 1727 dicerentur
1083 1671 1152 1728 Hel·

246 1749 464 1826 lespontumque
489 1751 626 1808 transisse
652 1752 806 1827 Antipater
829 1759 858 1808 et
881 1749 1020 1806 Craterus
1048 1768 1154 1826 magno

246 1846 314 1884 oum
330 1831 460 1886 exercitu
475 1828 676 1899 Macedonum,
691 1831 746 1887 viri
761 1847 853 1905 quum
867 1828 1008 1897 claritate,
1024 1838 1087 1884 tum
1099 1847 1152 1886 usu

207 1911 226 1962 4
247 1905 315 1962 belli
331 1917 513 1980 praestantes:
536 1907 725 1986 (Macedones
739 1926 808 1966 vero
822 1906 927 1962 milites
941 1926 976 1963 ea
990 1916 1060 1964 tunc
1072 1919 1154 1963 erant

248 1983 334 2052 fama,
349 2003 408 2058 qua
421 2003 499 2043 nunc
512 1985 635 2043 Romani
650 1985 799 2044 feruntur:
821 1986 927 2042 etenim
938 2003 1053 2060 semper
1066 1985 1154 2042 habiti
1188 2047 1191 2052 ,

247 2071 314 2118 sunt
335 2060 490 2133 fortissimi,
507 2065 558 2138 qui
583 2083 724 2122 summam
746 2065 859 2140 imperii
880 2063 1071 2139 potirenturz)
1093 2063 1152 2120 Eu-

248 2157 347 2198 menes
371 2140 557 2217 intelligebat,
572 2144 596 2200 si
616 2145 706 2219 copiae
728 2163 789 2200 suae
812 2152 991 2218 cognossent,
1014 2141 1153 2198 adversus

247 2236 319 2292 quos
333 2216 518 2288 ducerentur,
533 2238 590 2277 non
605 2222 686 2279 modo
707 2241 763 2280 non
788 2223 889 2289 ituras,
904 2220 954 2278 sed
978 2221 1065 2276 simul
1085 2239 1153 2277 cum

208 2299 227 2353 5
247 2296 347 2352 nuntio
358 2295 530 2372 dilapsuras.
574 2298 674 2375 Itaque
690 2301 743 2358 hoc
755 2301 819 2376 ejus
831 2299 885 2363 fuit
899 2298 1153 2374 prudentissimum
1210 2311 1215 2318 ’

247 2374 409 2444 consilium,
425 2385 456 2432 ut
470 2375 561 2434 deviis
576 2379 727 2436 itineribus
741 2380 847 2436 milites
860 2377 988 2446 duceret,
1003 2378 1034 2433 in
1048 2378 1153 2451 quibus

248 2473 318 2516 vera
333 2453 433 2512 audire
447 2472 504 2512 non
527 2467 649 2531 possent,
665 2467 694 2515 et
718 2458 763 2514 his
791 2455 985 2532 persuaderet,
1001 2474 1032 2512 se
1053 2466 1153 2512 contra

208 2537 225 2592 a
247 2533 385 2608 quosdam
399 2533 537 2590 barbaros
558 2536 711 2610 proficisci.
754 2534 855 2610 Itaque
870 2536 962 2591 tenuit
982 2534 1036 2590 hoo
1055 2552 1152 2608 propo-

246 2613 343 2681 situm,
359 2622 387 2670 et
408 2612 488 2687 prius
510 2613 540 2668 in
556 2614 649 2670 aciem
663 2616 824 2673 exercitum
839 2613 938 2672 eduxit
959 2612 1152 2688 proeliumque

247 2692 398 2759 commisit,
413 2709 501 2766 quam
523 2691 629 2749 milites
653 2694 698 2749 sui
724 2693 840 2760 scirent,
855 2710 923 2749 cum
944 2691 1050 2766 quibus
1073 2709 1153 2747 arma

247 2767 420 2825 conferrent.
442 2767 548 2826 Effecit
563 2771 650 2827 etiam
664 2771 737 2829 illud
751 2771 881 2828 locorum
896 2771 1151 2846 praeoccupatione,
1202 2834 1205 2836 ,

247 2854 279 2901 ut
301 2849 430 2921 equitatu
452 2848 545 2923 potius
569 2847 728 2920 dimicaret,
753 2868 811 2924 quo
834 2847 900 2924 plus
921 2849 1044 2918 valebat,
1065 2867 1153 2924 quam

246 2924 384 2999 peditatu,
400 2943 457 3000 quo
469 2935 532 2982 erat
545 2925 676 2984 deterior.

209 3007 223 3060 1
286 3001 339 3059 IV.
362 3003 496 3068 Quorum
511 3005 651 3062 acerrimo
669 3023 813 3065 concursu
828 3023 919 3081 quum
933 3022 1071 3080 magnam
1090 3023 1152 3080 par-

246 3088 304 3136 tem
318 3081 374 3137 diei
389 3090 463 3138 esset
477 3092 646 3157 pugnatum,
662 3084 738 3141 cadit
752 3083 889 3142 Craterus
904 3083 973 3150 dux,
987 3093 1015 3140 et
1030 3083 1152 3159 Neopto-

246 3156 349 3232 lemus,
364 3160 416 3233 qui
429 3159 588 3218 secundum
603 3161 700 3218 locum
714 3162 828 3237 imperii
842 3161 967 3219 tenebat.
1009 3161 1086 3218 Cum
1101 3162 1154 3217 hoa

207 3239 226 3291 2
247 3237 394 3291 concurrit
407 3236 468 3309 ipse
482 3234 641 3294 Eumenes.
683 3239 744 3304 Qui
765 3258 858 3314 quum
877 3240 951 3298 inter
965 3257 996 3294 se
1011 3237 1154 3313 complexi

246 3312 277 3370 in
292 3323 399 3368 terram
414 3331 450 3368 ex
464 3314 548 3386 equis
561 3313 744 3385 decidissent,
761 3328 792 3375 ut
807 3315 892 3375 facile
912 3315 1036 3391 iutelligi
1051 3326 1153 3391 posset,

246 3389 365 3450 inimica
379 3398 474 3448 mente
495 3392 684 3464 contendisse,
700 3397 852 3471 animoque
867 3394 960 3468 magis
974 3395 1061 3450 etiam
1083 3413 1153 3470 pug-

188 3475 189 3480 ’
247 3487 341 3537 nasse,
357 3485 445 3542 quam
459 3484 588 3540 corpore,
603 3488 660 3529 non
675 3475 755 3548 prius
769 3473 897 3530 distracti
912 3481 987 3540 sunt,
1003 3490 1092 3545 quam
1114 3473 1153 3528 al.

245 3555 341 3602 terum
356 3545 453 3600 anima
468 3543 628 3614 reliquerit.
671 3551 719 3606 Ab
737 3551 791 3607 hoc
807 3551 916 3623 aliquot
936 3548 1030 3624 plagis
1046 3549 1153 3606 Eume-

246 3640 299 3676 nes
321 3621 499 3684 vulneratur,
515 3634 609 3688 neque
624 3643 657 3680 eo
672 3628 766 3700 magis
780 3646 816 3683 ex
831 3626 934 3700 proelio
948 3628 1082 3696 excessit,
1104 3627 1156 3685 sed

209 3699 228 3757 8
249 3697 347 3757 aeuus
368 3696 462 3752 hostes
483 3693 593 3750 institit.
636 3698 694 3756 Hic
709 3703 854 3778 equitibus
878 3703 1046 3782 profligatis,
1069 3705 1155 3764 inter-
