2608 4300
421 354 498 436 XIV
534 380 560 436 1.
606 327 795 452 (Datames.)

328 754 471 830 xlv,
527 755 881 856 uascuus.

454 1103 767 1162 ARGUMENTUM.

85 1273 87 1278 «
159 1231 249 1290 ΟΑΡ.
267 1231 294 1290 Ι.
318 1233 400 1291 Inter
414 1235 592 1290 barbarorum
606 1235 689 1291 duces
699 1231 789 1310 facilc
803 1235 983 1294 clarissimus.
1023 1235 1060 1296 In

191 1311 267 1382 bello,
283 1325 383 1370 contra
401 1313 542 1369 Cadusios
551 1324 642 1388 gesto,
661 1311 825 1389 magaisuit
836 1315 896 1388 ejus
908 1333 997 1390 opera,
1010 1335 1062 1392 quo

183 1388 295 1464 factum
321 1403 374 1461 cst,
399 1403 431 1448 ut
448 1403 566 1468 patorua
591 1393 617 1448 ci
646 1392 801 1448 traderetur
820 1394 974 1468 provincio.
1015 1393 1061 1450 II.

195 1467 305 1544 Thyum
317 1471 457 1546 dynastea
467 1469 667 1546 Paphlagonia
678 1472 770 1526 vivom
783 1473 866 1546 capit.
901 1469 962 1528 III.
990 1471 1062 1549 Gap·

191 1557 248 1602 tum
273 1550 313 1604 ad
336 1569 429 1624 regem
451 1549 571 1605 adducit.
618 1549 716 1624 Copiis
730 1550 768 1606 cd
780 1549 877 1606 bollum
891 1549 1063 1627 AEgyptium

75 1635 80 1640 '
187 1627 355 1704 proficitur.
387 1627 443 1683 IV.
464 1627 629 1684 Revocatar.
659 1629 759 1703 Aspim
777 1627 964 1704 Cappadocem
978 1631 1060 1705 capit.

196 1703 229 1760 V.
245 1707 416 1762 Aulic'orum
426 1707 545 1762 iusidias
555 1706 674 1775 edoctus,
688 1706 889 1782 Cappadociam
900 1717 926 1764 ct
937 1706 1061 1784 Papiria·

188 1786 306 1858 guaiam
328 1784 385 1840 sibi
404 1793 524 1860 occupat.
570 1783 621 1840 VI.
643 1783 678 1840 Ia
696 1785 763 1840 bello
784 1786 919 1842 advorsus
939 1785 1060 1844 Pisidas

193 1864 299 1919 omittit
313 1863 420 1941 fliium.
461 1863 626 1919 Proditores
639 1874 665 1919 ct
686 1864 777 1920 hostes
797 1863 918 1921 Pisidas
938 1876 1058 1941 superat.

177 1939 269 1998 -VJL
300 1943 330 1996 A
348 1941 414 2020 filio
434 1951 502 1996 acta
521 1944 637 1998 maximo
657 1942 795 2017 proditor.
840 1941 927 1999 VIII.
956 1943 1061 2000 Ducem

193 2017 362 2088 Persarum,
372 2031 466 2075 contra
475 2039 504 2075 so
513 2021 736 2088 missamviacit.
767 2018 826 2076 IX.
842 2019 933 2096 Regis
942 2021 1062 2078 insidias

194 2098 296 2154 callide
322 2100 401 2154 vitat.
443 2097 485 2153 X.
507 2098 683 2156 Mithridatis
701 2099 762 2156 doio
786 2101 902 2177 capitur.
943 2097 1003 2157 XI.
1024 2098 1062 2157 Ia

166 2185 167 2188 ’
195 2177 330 2252 colloquio
341 2196 394 2253 por
398 2175 532 2253 fraudem
546 2177 687 2234 occiditur.
1048 2198 1050 2206 ’

196 2333 221 2390 I.
266 2333 362 2390 Venio
388 2353 464 2390 nuuc
493 2333 528 2390 ad
554 2334 740 2392 fortissimum
766 2333 857 2392 uirum
889 2334 1061 2408 maximIque
1084 2340 1098 2392 1

158 2413 278 2472 consilii
292 2413 416 2469 omnium
428 2413 618 2483 barbarorum,
634 2413 765 2488 exceptis
779 2413 889 2470 duobus
912 2411 1063 2487 Carthagi-

158 2490 320 2563 niensibus,
335 2491 500 2548 Hamilcare
516 2503 545 2548 et
559 2492 755 2549 Hannibale?
776 2493 821 2548 De
836 2510 892 2564 quo
905 2489 962 2546 hoc
982 2491 1063 2564 plura
1082 2496 1101 2549 2

159 2569 328 2639 referemus,
343 2570 417 2643 quod
431 2581 459 2626 at
481 2570 647 2626 obscuriora
661 2579 726 2625 sunt
744 2571 806 2643 ojus
823 2579 905 2642 gesta
918 2569 1063 2642 pleraque,

161 2659 189 2704 et
204 2670 249 2720 ea,
258 2668 321 2724 quae
334 2667 472 2722 prospere
482 2648 510 2704 ei
526 2645 956 2720 cesserunt‚non1nagnitudine
969 2646 1063 2721 copia·

160 2743 231 2797 rum,
246 2729 298 2785 sed
313 2727 438 2794 consilii,
448 2745 504 2800 quo
519 2735 577 2782 tum
592 2743 692 2781 omnes
707 2725 867 2798 superabat,
877 2723 1062 2795 acciderunt;

159 2823 278 2878 quorum
301 2807 359 2862 nisi
386 2805 458 2872 ratio
484 2805 627 2880 explicata
651 2802 745 2872 suerit,
769 2821 816 2859 ros
842 2805 978 2878 apparari
1006 2821 1063 2862 non

159 2896 301 2958 poterunt.
357 2885 506 2952 Datames,
528 2885 607 2958 patre'
637 2881 811 2952 Camissire,
835 2882 950 2940 natione
977 2883 1061 2954 Care,
1083 2887 1100 2942 3

160 2975 250 3020 matre
277 2962 434 3038 Scythissa
456 2972 548 3030 natus,
572 2961 693 3036 p‘rimum
719 2961 839 3018 militum
862 2979 982 3018 numero
1009 2962 1063 3019 suit
1118 3029 1121 3038 Ι

161 3041 237 3116 apud
257 3043 446 3098 Artaxerxem
461 3058 566 3110 eorum,
580 3039 628 3114 qui
648 3040 757 3116 regiam
777 3041 935 3096 tuebantur.
976 3039 1063 3098 Pater

161 3121 225 3195 ejus
241 3120 433 3188 Camissares‚
447 3120 522 3192 quod
537 3131 565 3176 et
580 3139 666 3176 manu
680 3119 770 3188 fortis
785 3131 814 3175 et
827 3119 904 3174 bello
919 3128 1061 3190 strenuus,

161 3208 191 3254 et
204 3199 266 3273 regi
280 3197 378 3254 multis
392 3197 464 3254 locis
479 3198 573 3255 fidelis
589 3208 649 3254 erat
673 3208 813 3270 repertus,
827 3196 926 3254 habuit
948 3199 1061 3274 provin·

161 3276 237 3332 ciam
250 3287 362 3351 partem
377 3275 488 3333 Ciliciae
505 3278 586 3352 juxta
602 3276 826 3350 Cappadociam,
837 3293 920 3349 quam
934 3277 1063 3334 incolunt
1134 3348 1136 3352 Δ

162 3354 333 3430 Leucosyri.
377 3354 523 3423 Datimes
535 3355 657 3410 militare
671 3373 773 3410 munus
787 3346 918 3430 iungens,
932 3355 1061 3430 primum,
1082 3359 1101 3411 4

56 3468 57 3471 =
161 3433 253 3505 qualis
269 3441 360 3500 esset,
374 3433 501 3508 apparuit
518 3433 548 3488 in
561 3433 647 3500 bello,
662 3432 737 3506 quod
750 3451 801 3489 rex
815 3433 953 3511 adversus
969 3433 1063 3488 Cadu-

163 3510 223 3566 sios
249 3511 350 3586 gessit.
406 3510 538 3584 Namque
558 3509 624 3586 με,
655 3511 750 3567 multis
777 3511 893 3575 milibus
920 3509 1063 3584 regiorum

161 3588 443 3662 interfectiS‚mag11i
464 3589 517 3644 Iuit
537 3587 600 3662 ejus
615 3607 711 3662 opera.
753 3590 819 3654 Quo
835 3587 942 3660 factum
956 3597 1009 3656 est,
1023 3597 1063 3656 ut,

159 3683 248 3738 quum
262 3667 293 3722 in
308 3685 344 3722 co
358 3667 434 3722 bello
450 3666 609 3723 cecidisset
623 3668 815 3734 Camissaras,
827 3674 948 3739 paterna
961 3663 990 3720 ei
1009 3675 1064 3720 tra·
1134 3718 1137 3723 .

163 3742 278 3802 deretur
291 3745 451 3819 provincia.

121 3831 124 3840 ,
616 3823 651 3878 5.
