2710 4300
316 381 425 448 XXV.
472 390 525 448 22.
573 382 624 467 (T.
640 381 836 467 Pomponius
849 383 996 466 Attum.)
1054 389 1113 448 ton

205 555 224 594 u
237 537 311 594 vobis
320 546 384 611 peto
396 540 530 610 pmmnm,
542 546 573 594 ut
585 538 730 596 consilium
739 537 861 612 probetis
871 556 980 597 meum:
1001 540 1110 610 deiude,

205 615 360 692 nefrustra
375 617 547 674 dehortando
560 619 703 674 conemini.

244 695 338 753 XXII.
361 693 429 752 Hae
443 696 571 752 oratione
593 695 689 752 habita
710 703 790 752 tanta
804 697 963 753 constantia
977 697 1057 754 vocis
1071 707 1111 756 st.
1135 705 1149 759 1

204 792 259 848 que
274 774 382 842 vultus,
398 784 500 831 utnon
515 793 551 830 ex
567 774 635 843 vita,
649 772 699 831 sed
713 792 751 830 ex
766 773 848 831 domo
862 775 891 832 in
905 773 1020 851 domum
1035 775 1111 834 vide·

204 863 282 910 retur
296 855 435 928 migrare,
456 871 547 927 quum
566 853 682 928 quidem
697 853 830 928 Agrippa
844 869 910 909 eum
932 854 1004 911 llens
1025 865 1110 930 etque

36 985 37 990 ,
203 933 338 990 osculans
350 939 446 988 oraret
461 943 548 1006 etque
562 933 735 1000 obsecraret,
750 949 786 987 ne
801 929 837 987 ad
859 930 896 1000 id,
911 932 986 1006 quod
1005 943 1109 992 natura
1130 939 1149 992 2

203 1021 325 1086 cogeret,
341 1011 403 1085 ipse
424 1029 539 1085 quoque
560 1010 615 1067 sibi
636 1009 823 1078 acceleraret,
839 1019 875 1077 et,
890 1011 1026 1084 quoniam
1047 1021 1108 1070 tum

36 1096 37 1107 ¹
202 1107 313 1166 quoque
329 1099 423 1165 posset
437 1090 613 1165 temporibus
632 1107 791 1165 superesse,
807 1107 837 1145 se
850 1089 905 1145 sibi
927 1091 1044 1165 suisque
1066 1109 1108 1148 re-

33 1112 40 1293 i
202 1179 337 1237 servaret,
347 1186 449 1243 preces
464 1168 527 1242 ejus
541 1169 686 1226 taciturne
699 1186 751 1224 suu
763 1167 949 1225 obstinatione
958 1168 1106 1244 depressit.

36 1295 41 1327 Ι
202 1245 249 1304 Sic
262 1267 354 1321 quum
371 1246 491 1303 biduum
510 1248 575 1305 cibo
589 1265 620 1304 se
636 1247 828 1312 abstinuisset,
844 1245 937 1305 subito
958 1245 1046 1304 febris
1060 1248 1106 1305 de·
1128 1253 1147 1306 3

35 1335 37 1385 l
202 1327 294 1395 cessit,
310 1327 459 1400 leviorque
475 1327 591 1382 morbus
604 1344 667 1382 esse
682 1326 778 1401 coepit.
806 1323 918 1381 Tamen
934 1327 1108 1402 propositum

33 1400 37 1466 ,’
201 1405 397 1463 nihilosecius
412 1405 533 1480 peregit.
576 1404 677 1479 ltaque
699 1402 745 1462 die
759 1403 858 1479 quinto
883 1413 952 1478 post,
987 1423 1055 1460 uam
1080 1406 1107 1465 id

34 1467 44 1603 p
201 1485 350 1541 consilinm
364 1485 480 1553 inierat,
495 1483 586 1558 pridie
601 1483 746 1540 Calendas
761 1481 888 1558 Apriles,
902 1481 956 1539 Cn.
967 1423 1106 1554 ilomitio,

34 1609 38 1644 ,
200 1560 231 1618 C.
247 1563 327 1620 Sosio
341 1563 424 1620 Coss.
441 1562 574 1620 decessit.
617 1561 721 1619 Elatus
735 1571 779 1618 est
795 1563 825 1618 in
840 1560 986 1628 lecticula,
1001 1571 1032 1617 ut
1047 1562 1107 1636 ipse
1127 1567 1146 1622 4

33 1657 34 1664 ¹
200 1644 421 1717 presumpserat,
447 1642 510 1698 sine
540 1641 600 1698 ulla
627 1659 730 1716 pompa
755 1638 876 1708 funeris,
905 1639 1106 1698 comitantibus

35 1702 40 1794 i,
199 1721 327 1778 omnibus
343 1721 435 1788 bonis,
451 1720 577 1777 maxima
592 1719 674 1796 vulgi
700 1718 871 1793 frequentia.
914 1716 1050 1794 Sepultus
1064 1730 1107 1778 est

35 1799 41 1823 ³
195 1798 275 1872 juxta
290 1801 370 1857 viam
387 1799 525 1874 Appiam,
535 1799 571 1856 ad
586 1799 718 1874 quintum
734 1797 868 1874 lapidem,
879 1795 909 1854 in
924 1808 1106 1858 monumento

35 1925 40 1970 p
145 1865 155 1892 ⁴
198 1877 232 1942 Q.
248 1877 372 1948 Caecilii,
389 1878 530 1936 avunculi
545 1879 602 1936 sui.
