2608 4300
384 324 505 431 XVlll.
553 377 599 442 12,
619 376 665 432 13.
712 367 905 451 (Eumenes.)
1056 373 1098 430 79

183 520 314 595 colloqui
340 520 542 596 consolarique
563 531 723 596 cuperent;
747 522 829 580 multi
851 522 947 590 etiam,
963 521 1012 596 qui
1033 521 1098 598 ejus

186 597 311 656 formam
331 617 508 674 cognoscere
523 599 682 668 studebant,
704 600 799 676 qualis
819 609 904 668 esset,
924 617 1011 674 quem
1025 609 1095 658 tam·

185 677 237 733 diu
258 688 379 752 tamque
396 677 478 750 valde
493 679 662 747 timuissent,
677 679 762 754 cujus
781 679 811 734 in
826 679 955 753 pernicie
976 678 1096 754 positam

188 773 269 830 spem
284 756 454 812 habuissent
469 757 605 812 victorine.
649 757 690 812 At
712 756 867 825 Eumenes,
882 775 973 832 quum
987 755 1095 814 diutius
1116 760 1135 814 3

189 835 219 889 in
234 834 364 889 vinculis
384 841 467 902 esset,
484 834 523 890 ait
547 833 740 903 Onomarcho,
765 853 851 908 penes
875 854 961 909 quem
982 853 1095 892 summa

189 912 306 986 imperii
321 921 383 968 eret
395 909 540 981 custodiae,
551 932 581 968 se
597 913 706 980 mirari,
716 930 806 987 quare
818 913 878 986 jam
894 914 1009 988 tertium
1018 912 1093 970 diem

189 991 234 1047 sic
257 999 424 1046 teneretur:
446 1008 502 1046 non
524 990 602 1053 enim
627 991 680 1047 hoc
695 991 848 1047 convenire
870 992 1008 1066 Antigoni
1028 1009 1093 1066 pru-

191 1068 305 1136 dentiae,
322 1077 354 1126 ut
375 1069 418 1124 sic
438 1067 606 1144 deuteretur
620 1069 698 1125 victo
708 1088 717 1140 3
740 1069 810 1144 quin
825 1079 875 1125 uut
899 1069 1030 1138 interfici,
1046 1079 1095 1126 aut

191 1147 312 1202 missum
335 1146 397 1202 fieri
416 1147 541 1222 juberet.
585 1145 642 1204 Hic
663 1165 752 1220 quum
775 1146 900 1204 ferocius
914 1145 1095 1204 Onomarcho
1115 1152 1134 1204 4

191 1225 270 1298 loqui
285 1223 439 1294 videretur,
454 1227 545 1300 quid?
566 1235 604 1293 tu,
619 1226 720 1300 iuquit,
742 1227 873 1282 animosi
892 1227 943 1281 isto
957 1243 1030 1293 erus,
1046 1243 1096 1281 cur

190 1322 246 1360 uon
258 1305 289 1358 iu
304 1303 403 1375 prelio
417 1305 540 1360 cecidisti
556 1306 753 1378 potiusquam
774 1305 803 1359 in
819 1311 978 1376 potestatem
992 1305 1096 1360 inimici

190 1383 327 1438 uenires?
348 1379 429 1438 Huic
444 1379 599 1451 Eumenes
610 1385 715 1438 utinam
729 1383 838 1456 quidem
851 1384 926 1438 istud
940 1382 1096 1439 evenisset!
1115 1383 1134 1438 b

190 1462 242 1518 scd
256 1478 286 1516 eo
299 1477 354 1515 non
368 1461 479 1529 accidit,
494 1463 565 1534 quod
585 1479 732 1534 numquam
751 1479 812 1516 cum
823 1458 947 1536 sortiere
959 1478 1020 1516 sunt
1034 1477 1094 1516 con-

187 1557 315 1613 gressus.
358 1535 425 1594 Non
439 1541 511 1594 euim
532 1557 592 1596 cum
615 1557 748 1613 quoquam
761 1557 841 1595 arma
865 1540 974 1607 contuli,
990 1541 1056 1612 quin
1069 1540 1096 1594 is

190 1617 259 1673 milri
272 1615 456 1674 succubuerit.
499 1615 565 1673 Nou
579 1619 649 1674 euim
663 1619 765 1674 uirtute
784 1617 908 1684 hostium,
930 1618 979 1674 sed
996 1619 1093 1674 amico-

190 1713 285 1767 rump
335 1695 383 1750 die
398 1697 499 1751 decidi.
543 1695 662 1770 [Neque
683 1695 711 1751 id
733 1695 848 1751 falsum.
889 1693 966 1752 Nam
981 1705 1010 1772 qt
1033 1695 1092 1772 dig.

190 1774 280 1831 nitate
309 1773 349 1828 uit
363 1773 491 1842 honesta,
506 1784 534 1830 et
549 1774 658 1830 viribus
672 1773 708 1830 ad
729 1773 856 1830 laborem
880 1771 1028 1830 ferendum
1046 1774 1092 1830 fir-

182 1852 256 1920 mis,
272 1869 365 1925 neque
379 1860 437 1908 tam
453 1871 558 1928 magno
571 1869 698 1926 corpore,
713 1870 800 1926 quam
817 1852 911 1928 figura
926 1852 1072 1928 venuste]

234 1929 299 1987 XII.
322 1927 367 1984 De
382 1930 436 1987 hoc
450 1930 615 2007 Antigonus
639 1948 727 2005 quum
751 1930 829 1986 solus
850 1931 1021 1988 constituere
1036 1948 1092 1987 nou
1115 1933 1130 1986 l

191 2007 321 2076 auderet,
332 2007 366 2063 ad
383 2009 535 2065 consilium
551 2009 659 2066 retulit.
699 2007 758 2064 Hic
772 2027 862 2082 quum
878 2010 969 2084 primo
983 2018 1092 2084 pertur-

191 2086 251 2142 beti
266 2085 487 2155 admirarentur,
502 2105 558 2143 uon
570 2087 630 2162 jam
645 2087 679 2143 de
691 2105 724 2142 eo
738 2097 865 2148 sumtum
880 2107 942 2144 esse
957 2087 1092 2164 supplici-

192 2183 253 2233 um,
269 2184 286 2221 a
300 2183 356 2238 quc
371 2173 410 2221 tot
425 2183 513 2221 anuos
528 2165 598 2222 adeo
612 2175 707 2222 essent
721 2165 795 2222 male
810 2166 906 2234 habiti,
923 2175 954 2222 ut
968 2184 1043 2239 saepe
1058 2163 1094 2221 ad

192 2242 420 2318 desperationem
444 2243 534 2300 forent
559 2243 693 2316 adducti3
716 2244 823 2318 quique
845 2244 984 2300 maximos
1004 2242 1094 2299 duces

192 2320 404 2392 interfecisset;
436 2321 560 2396 denique
588 2323 618 2378 in
645 2340 701 2398 quo
726 2339 783 2378 uno
807 2332 881 2378 esset
908 2331 1029 2388 tantum,
1053 2329 1093 2390 ut,
1115 2323 1134 2376 2

192 2399 286 2472 quoad
300 2399 350 2455 ille
365 2399 483 2467 viveret,
498 2401 553 2475 ipsi
567 2401 663 2457 securi
677 2419 740 2457 esse
754 2417 810 2456 nou
825 2409 947 2474 possent,
962 2396 1094 2454 iuterfec-

192 2487 229 2545 to,
239 2478 310 2534 nihil
325 2475 449 2534 habituri
461 2479 566 2554 negotii
575 2488 687 2536 essent:
708 2488 858 2554 postremo,
870 2478 894 2534 si
908 2477 952 2532 illi
966 2475 1096 2532 redderet

192 2556 325 2624 salutem,
340 2556 516 2633 quaerebant,
531 2558 636 2632 quibus
661 2557 762 2612 amicis
783 2564 857 2612 esset
882 2552 1010 2610 usurus?
1032 2571 1095 2612 sese

192 2635 353 2691 enimcum
368 2635 500 2692 Eumene
522 2634 595 2710 apud
618 2652 686 2690 eum
701 2651 757 2690 non
782 2631 903 2689 futuros.
946 2630 1013 2700 Hic,
1029 2649 1093 2707 cog·
1116 2635 1134 2688 3

192 2713 253 2768 uite
267 2713 380 2770 consilii
402 2713 557 2781 voluntate,
572 2723 670 2769 tamen
686 2729 778 2786 usque
796 2711 831 2766 ad
852 2709 1005 2785 septimum
1019 2709 1095 2766 diem

192 2789 373 2848 deliberandi
394 2792 448 2848 sibi
470 2792 594 2866 spatium
615 2790 741 2865 reliquit.
785 2788 863 2845 Tum
883 2798 989 2856 autem,
1005 2806 1096 2863 quum

190 2868 252 2944 jum
267 2881 425 2938 vereretur,
441 2887 478 2926 ne
503 2888 561 2944 qua
574 2868 678 2926 seditio
698 2867 844 2924 exercitus
857 2867 990 2935 oriretur,
1006 2866 1097 2923 vetuit

194 2946 230 3002 ad
245 2964 312 3002 eum
326 2966 502 3022 quemquem
512 2947 631 3015 admitti,
641 2957 669 3003 et
683 2945 880 3022 quotidianum
896 2945 1005 3001 victum
1020 2963 1095 3001 amo-

193 3025 256 3082 veri
276 3025 373 3100 jussit.
417 3026 496 3082 Nam
521 3025 653 3100 negabat,
675 3045 706 3082 se
731 3025 758 3080 ei
781 3024 840 3079 vim
865 3022 1031 3090 allaturum,
1046 3021 1096 3096 qui
1179 3085 1182 3092 1

194 3102 348 3177 aliquando
371 3103 473 3161 fuisset
497 3104 621 3159 amicus.
677 3101 735 3159 Hic
762 3112 938 3158 tamennon
963 3100 1136 3175 amplius,⁴

194 3199 283 3255 quam
297 3181 435 3250 triduum,
446 3180 521 3238 fame
537 3180 680 3257 fatigatus,
691 3198 782 3255 quum
796 3188 892 3235 castra
903 3187 1096 3247 moverentur,

195 3259 335 3316 insciente
350 3261 505 3336 Antigono,
517 3259 670 3335 jugulatus
684 3267 727 3314 est
741 3277 759 3314 e
773 3256 948 3314 custodibus.

236 3337 315 3394 Xlll.
338 3338 388 3395 Sic
403 3337 550 3394 Eumenes
565 3353 705 3392 annorum
714 3336 841 3411 quinque
856 3345 884 3390 et
897 3333 1097 3409 quadraginta,
1120 3336 1135 3389 1

194 3433 285 3490 quum
305 3416 341 3472 ab
362 3433 439 3472 enno
460 3415 606 3482 vicesimo,
629 3424 660 3469 ut
680 3431 768 3488 supra
788 3412 970 3481 ostendimus,
991 3421 1099 3485 septem

196 3511 286 3549 annos
307 3493 437 3569 Philippo
452 3493 641 3568 apperuisset,
661 3502 689 3547 et
713 3490 852 3547 tredecim
868 3489 941 3564 apud
968 3487 1096 3544 Alexan-

196 3569 281 3626 drum
296 3571 429 3627 eumdem
444 3571 540 3627 locum
554 3569 729 3637 obtinuisset,
745 3569 775 3624 in
796 3569 840 3624 his
861 3585 952 3623 unum
971 3565 1100 3640 equitum

198 3647 251 3704 alae
274 3649 443 3724 praesnisset,
466 3659 526 3723 post
552 3657 648 3704 autem
670 3645 832 3704 Alexandri
858 3644 958 3717 Magni
983 3650 1103 3696 mortem

198 3726 352 3802 imperator
366 3728 512 3784 exercitus
526 3725 662 3794 duxisset,
678 3741 863 3794 summosque
887 3719 977 3774 duces
999 3718 1102 3790 partim
