2608 4300
197 355 239 412 64
374 351 446 414 XV.
491 361 521 426 9,
545 360 592 416 10.
638 349 917 434 (Epaminondas.)

155 505 175 558 2
194 503 320 578 putabat,
335 503 418 578 quod,
433 504 502 579 quid
516 504 631 574 diceret,
647 523 702 562 non
717 505 845 562 haberet.
888 505 929 562 At
943 501 993 562 ille
1008 505 1038 562 in
1049 505 1100 581 ju·
1177 542 1180 548 ·

195 580 303 638 dicium
317 584 410 638 venit:
432 583 502 639 nihil
523 601 622 640 eorum
637 584 762 659 negavit,
777 601 843 657 quae
862 583 1021 640 adversarii
1042 586 1099 641 cri-

194 659 264 714 mini
279 658 392 729 dabant,
404 662 566 735 omniaque,
581 680 645 736 quae
660 661 779 737 collegae
793 661 933 731 dixerant,
948 660 1101 720 consessus

194 747 354 813 estusque
373 739 526 807 recusavit,
541 741 707 814 quominus
732 739 805 816 legis
829 758 945 814 poenam
966 741 1077 800 subiret
1086 762 1097 814 ;

194 815 243 871 sed
258 833 349 872 unum
363 818 399 874 ab
414 818 449 874 iis
470 819 576 892 petivit,
593 819 667 875 utin
682 817 809 893 periculo
823 837 876 875 suo
890 818 1098 876 inscriberent:

155 897 174 950 3
195 892 405 966 Epaminondas
425 915 444 952 a
470 893 607 952 Thebanis
628 905 711 954 morte
734 897 865 966 multatus
887 905 935 965 est,
959 899 1031 970 quod
1050 917 1099 956 eos

194 975 280 1047 cotgr't
293 975 369 1046 apud
383 971 503 1033 Leuctra
516 993 648 1047 superare
662 973 891 1043 Lacedamouios,
906 992 974 1048 quos
988 985 1052 1034 ante
1066 995 1099 1033 se

193 1051 381 1124 imperatorem
407 1071 484 1110 nemo
511 1051 677 1110 Bactiomm
704 1071 792 1109 ausus
807 1051 875 1186 {uit
898 1055 1042 1126 adspicere
1066 1057 1099 1111 in

155 1133 173 1186 4
193 1132 278 1199 ocie;
299 1133 423 1204 quodwe
443 1149 498 1188 uno
516 1133 615 1204 prelio
634 1132 789 1188 nouaclum
832 1131 916 1188 liebus
935 1133 971 1188 ab
984 1135 1098 1189 interitu

185 1211 315 1278 retranit,
330 1211 380 1266 sed
395 1213 475 1266 etiam
488 1213 645 1268 uuiversum
666 1209 802 1266 &coemat
823 1213 853 1265 iu
873 1209 1023 1268 libertatem
1036 1214 1097 1267 cin-

193 1288 305 1355 dicavit,
320 1305 403 1362 eoque
416 1307 463 1345 res
476 1297 651 1361 utrorumque
667 1289 806 1361 perducit,
822 1297 852 1343 ut
870 1286 993 1345 Thebani
1010 1286 1096 1362 Spor-

193 1374 248 1422 tam
269 1375 466 1441 oppugnarent,
489 1365 690 1424 Lacedaemonii
711 1369 782 1422 sutis
808 1366 947 1435 habereut,
975 1370 1002 1423 si
1022 1368 1098 1424 salui

153 1448 173 1499 5
193 1462 253 1504 esse
263 1454 376 1517 possent
387 1465 401 1513 ,·
421 1464 507 1519 neque
517 1448 600 1519 prius
619 1445 721 1502 bellare
735 1446 845 1511 destitit,
860 1463 941 1519 quum
961 1443 1097 1504 Messena

193 1526 339 1580 cantitata
362 1524 454 1582 urbem
479 1543 572 1582 earum
593 1523 732 1581 obsidione
756 1525 866 1600 aluum.
908 1522 981 1580 Haec
1004 1543 1096 1598 quum

192 1601 319 1670 dixisset,
330 1603 406 1658 risus
419 1603 547 1659 omnium
562 1621 630 1659 cum
644 1602 788 1658 hilaritate
797 1611 910 1658 coortus
919 1613 978 1659 est:
1000 1621 1095 1677 neque

191 1681 345 1755 quisquam
362 1680 452 1755 judex
468 1698 556 1737 ausus
576 1689 619 1737 est
632 1680 668 1737 de
681 1699 716 1736 eo
730 1679 805 1736 serre
820 1679 1002 1757 suffragium.
1044 1681 1096 1739 Sic

193 1777 210 1814 a
221 1758 331 1832 judicio
345 1759 447 1834 eapitis
461 1759 587 1814 maxima
601 1757 731 1815 discessit
744 1759 846 1833 gloria.

154 1842 169 1894 l
232 1835 284 1894 IX.
307 1836 366 1894 Hic
381 1847 508 1900 extrema
522 1846 647 1911 tempore
662 1837 815 1911 imperator
826 1835 901 1911 apud
917 1835 1095 1894 Mantineam

190 1933 281 1990 quum
296 1916 359 1972 acie
374 1915 515 1972 instructa
529 1914 669 1972 audacius
683 1915 802 1971 instaret
816 1915 918 1981 hostes,
933 1916 1066 1991 cognitus
1077 1936 1095 1973 a

190 1992 427 2062 Lacedaemoniis,
443 1993 517 2068 quod
532 1993 560 2048 in
577 1994 663 2049 unius
678 1993 804 2068 pernicie
819 1993 884 2067 ejus
898 1994 996 2069 patrie
1010 1995 1093 2051 sitam

190 2071 329 2146 putabant
343 2071 474 2141 salutem,
491 2072 619 2129 universi
643 2072 672 2127 in
688 2089 779 2127 unum
799 2072 936 2146 impetum
953 2070 1093 2144 fecerunt,

190 2168 284 2224 neque
308 2150 388 2224 prius
412 2150 621 2219 abscesserunt,
646 2169 735 2225 quam
759 2168 866 2226 magna
894 2149 972 2206 caede
1001 2149 1094 2226 [saeta

190 2228 347 2303 multisque
361 2228 477 2304 occisis]
494 2228 645 2286 fortissime
659 2229 753 2304 ipsum
771 2227 1000 2303 Epaminondam
1023 2247 1093 2306 pug-

190 2315 317 2375 nantem,
342 2325 426 2382 sparo
450 2308 564 2363 eminus
581 2324 760 2381 percussum,
782 2306 934 2363 concidere
950 2305 1093 2365 viderunt.

151 2389 170 2442 2
191 2383 289 2461 Hujus
307 2403 380 2442 casu
401 2385 580 2460 aliquantum
603 2385 739 2442 retardati
760 2394 827 2441 sunt
853 2384 974 2456 Boeotii3
999 2403 1093 2460 neque

190 2472 285 2520 tamen
300 2465 380 2540 prius
395 2482 493 2540 pugna
505 2473 700 2531 excesserunt,
716 2480 803 2538 quam
819 2475 1013 2539 repugnantes
1031 2483 1092 2541 pro-

150 2545 169 2599 3
190 2543 336 2619 fligarunt.
367 2544 409 2600 At
423 2541 638 2618 Epaminondas
651 2561 741 2617 quum
756 2541 1005 2611 animadverteret,
1020 2561 1092 2600 mor-

189 2619 305 2678 tiferum
327 2641 358 2679 se
373 2622 480 2679 vulnus
498 2621 654 2697 accepisse,
674 2619 828 2695 simulque,
844 2620 868 2675 si
884 2619 1002 2689 ferrum,
1017 2621 1093 2696 quod
1112 2667 1117 2675 .

189 2718 225 2756 ex
246 2700 342 2758 hastili
363 2701 392 2758 in
417 2718 535 2776 corpore
558 2709 744 2767 remanserat,
767 2699 945 2766 extraxisset,
967 2700 1093 2756 animam

189 2779 283 2834 statim
298 2780 490 2836 emissurum:
512 2797 603 2852 usque
614 2797 648 2834 eo
657 2778 783 2845 retinuit,
793 2776 885 2852 quoad
899 2779 1093 2834 renuntiatum

149 2861 168 2913 4
189 2868 240 2923 est,
253 2857 356 2914 vicisse
365 2857 501 2915 Boectios.
537 2856 568 2914 Id
584 2866 733 2932 postquam
748 2855 874 2925 audivit;
896 2858 975 2923 satis,
991 2857 1093 2930 inquit,

188 2937 246 2992 viai
258 2956 269 2991 .·
290 2937 410 2992 imrictus
430 2938 501 2992 enim
521 2937 631 2991 morior.
674 2934 752 2991 Tum
778 2932 853 2990 ferro
877 2943 1006 2991 extracto
1027 2953 1092 2991 con-

189 3012 282 3070 festim
296 3014 477 3071 exanimatus
491 3024 543 3070 est.

151 3096 166 3148 l
230 3091 266 3148 X.
289 3091 348 3149 Hic
364 3111 482 3149 uxorem
503 3109 662 3165 numquam
682 3090 774 3146 duxit.
816 3089 849 3147 ln
864 3109 921 3165 quo
934 3109 1025 3164 quum
1047 3109 1090 3147 re-

188 3170 422 3246 prehenderetur,
437 3171 512 3245 quod
527 3169 631 3226 liberos
645 3188 701 3226 non
713 3169 898 3242 relinqueret,
915 3188 932 3225 a
947 3168 1092 3244 Pelopida,

188 3250 238 3324 qui
252 3249 344 3305 filium
360 3248 482 3306 habebat
495 3248 641 3317 infamem,
658 3247 791 3322 maleque
805 3266 873 3304 eum
895 3248 924 3303 in
938 3266 972 3304 eo
993 3249 1093 3322 patriis

149 3334 167 3385 2
187 3327 338 3386 consulere
353 3327 478 3384 diceret:
499 3329 571 3396 uide,
587 3327 687 3401 inquit,
702 3344 736 3382 ne
752 3335 780 3382 tu
795 3325 878 3400 pejus
892 3327 1030 3394 consulas,
1045 3329 1094 3400 qui

188 3409 269 3465 miani
283 3425 316 3464 eu
330 3415 355 3462 te
368 3415 462 3462 uatum
475 3407 623 3462 relicturus
636 3407 687 3462 sis.
730 3402 828 3478 Neque
843 3423 907 3460 uero
927 3407 1013 3476 stirps
1026 3405 1094 3461 mihi

183 3494 281 3560 potest-
296 3487 401 3544 deesse.
444 3481 572 3558 Namque
596 3502 629 3541 en
650 3502 692 3540 me
714 3492 807 3539 nutam
827 3484 951 3556 relinquo
968 3501 1094 3558 paginam

188 3562 372 3630 Leuctricam,
387 3581 447 3636 qua
467 3580 522 3618 uon
542 3563 620 3617 modo
633 3563 701 3618 nrihi
716 3569 865 3633 superstes,
880 3563 930 3617 sed
950 3563 1031 3617 etiam
1045 3563 1093 3618 im·

149 3644 167 3697 3
188 3643 312 3698 mortalis
331 3643 368 3697 sit
390 3658 501 3697 necesse
521 3647 572 3694 est.
614 3638 681 3702 Quo
702 3647 837 3712 tempore,
853 3637 927 3694 duce
949 3638 1092 3713 Pelopida,

189 3717 305 3776 exsules
319 3717 437 3776 Thebas
450 3724 638 3792 occuparunt,
653 3722 682 3771 et
699 3714 865 3788 presidium
879 3713 1093 3772 Lacedaemoni-
