2608 4300
398 353 518 419 XVIII.
566 367 594 420 5.
635 357 834 442 (Eumenes.)
1025 366 1067 425 75

156 507 231 566 fecto
245 508 321 568 duce
337 509 468 580 Cratero,
482 510 580 568 multis
593 521 733 586 praeterea
743 521 772 569 et
786 512 911 570 maxime
925 511 1069 570 nobilibus

155 587 257 663 captiS,
267 588 404 663 pedester
418 590 571 658 exercitus,
582 590 656 665 quod
671 591 700 646 ln
716 609 751 647 ca
762 590 826 648 loca
840 599 902 647 erat
916 589 1067 660 deductus,

155 677 188 723 ut
202 667 294 723 invito
307 665 444 724 Eumene
458 668 535 724 elabi
559 687 615 728 non
637 679 737 744 posset,
753 688 854 744 paoem
869 669 906 725 ab
920 688 954 726 ec
974 669 1064 744 petiit.

154 744 256 808 Quam
271 763 362 819 quum
374 747 564 820 impetrasset,
577 747 606 802 in
621 747 677 804 fids
691 766 747 805 non
762 748 874 816 mansit,
887 757 915 804 et
928 767 968 816 se,
978 746 1065 805 simul

154 842 192 880 ac
208 825 308 899 potuit,
324 823 360 879 ad
376 824 564 898 Antipatrum
578 826 696 902 recepit.
737 825 885 883 Eumenes
901 823 1064 896 Craterum,
1086 829 1105 884 t

154 921 194 958 ex
209 903 273 958 acie
288 903 462 958 semIvivum
476 903 595 972 elatum,
611 919 743 961 recreare
762 904 879 961 studuit.
921 904 1022 969 Quum
1037 904 1066 961 id

154 999 215 1037 non
230 991 332 1055 posset,
348 997 400 1055 pro
414 981 537 1037 hominis
548 981 695 1058 dignitate,
711 1001 819 1058 proque
834 983 952 1058 pristina
967 983 1065 1040 amIci-

156 1059 199 1115 tia
210 1061 353 1134 (namque
368 1058 419 1116 illc
434 1077 504 1116 usus
519 1069 590 1130 erat,
599 1060 767 1118 Alexandro
781 1061 856 1128 vivo,
872 1059 1065 1137 familiariter)

158 1138 254 1213 amplo
269 1136 371 1194 funere
386 1138 498 1208 extulit,
513 1157 636 1213 ossaque
651 1139 680 1196 in
696 1138 896 1196 Macedoniam
912 1139 994 1196 uxori
1003 1139 1067 1215 ejus

159 1234 195 1272 ac
210 1215 307 1273 liberis
322 1217 443 1272 remisit.

199 1293 238 1350 V.
260 1293 334 1351 Haec
346 1293 414 1350 dum
428 1295 505 1369 apud
519 1295 738 1372 Hellespontum
751 1304 901 1371 geruntur,
912 1294 1067 1354 Perdiccas
1088 1298 1103 1351 l

159 1373 235 1448 apud
249 1373 357 1429 flumen
372 1372 476 1429 Nilum
490 1374 665 1431 interficitur
680 1393 696 1430 a
712 1373 837 1431 Seleuco
851 1384 879 1430 et
899 1373 1064 1449 Antig0n03

156 1469 316 1525 rerumque
337 1470 455 1508 summa
475 1452 510 1508 ad
538 1453 724 1528 Antipatrum
745 1451 884 1509 defertur.
927 1451 994 1520 Hic,
1016 1452 1067 1526 qui

155 1529 355 1598 deseruerant,
370 1530 502 1586 exercitu
523 1531 706 1607 suffragium*
716 1527 836 1598 ferente,
851 1529 953 1605 capitis
967 1529 1065 1587 absen-

155 1618 200 1664 tes
215 1607 406 1664 damnantur:
428 1608 458 1663 in
483 1609 527 1666 his
553 1609 711 1666 Eumenes.
753 1608 821 1666 Hac
842 1608 892 1666 illc
913 1608 1065 1684 perculsus

120 1693 123 1697 ’
154 1681 244 1762 plaga
258 1705 315 1743 non
337 1686 502 1755 succubuit,
516 1704 612 1762 neque
630 1707 664 1744 eo
677 1687 773 1744 secius
799 1687 907 1744 bellurn
931 1685 1063 1744 adminis-

154 1766 255 1822 travit.
299 1765 356 1822 Sed
381 1765 472 1822 exiles
497 1785 543 1822 res
558 1767 647 1825 animi
672 1765 909 1841 magnitudinem,
930 1765 983 1822 etsi
1007 1784 1063 1823 non

155 1842 339 1920 frangebant,
354 1853 451 1900 tamen
473 1845 651 1902 minuebant.
694 1843 783 1902 Hunc
806 1863 980 1920 persequens
1001 1845 1063 1902 Au·
1084 1847 1103 1900 2

153 1923 281 1998 tigcnus,
297 1941 387 1997 quum
407 1922 485 1978 omni
506 1941 615 1998 genere
636 1924 783 1998 copiarum
806 1922 972 1992 abundaret,
987 1941 1063 1999 saepe

155 2001 187 2056 in
214 2001 366 2057 itineribus
390 2001 568 2058 vexabatur:
598 2019 691 2076 neque
721 2020 859 2076 umquam
883 2001 919 2058 ad
944 2020 1064 2059 manum

155 2079 297 2136 accedere
312 2079 427 2148 licebat,
444 2079 498 2135 nisi
520 2080 564 2136 hia
578 2079 658 2148 locis,
673 2081 778 2154 quibus
792 2081 877 2156 pauci
892 2080 990 2136 multis
1001 2099 1063 2155 pos-

155 2167 220 2214 sent
238 2159 384 2214 resistere.
441 2155 497 2214 Sed
520 2157 649 2215 extremo
671 2169 806 2234 tempore,
830 2176 920 2233 quum
945 2158 1064 2215 consilio
1085 2161 1104 2214 3

155 2237 223 2312 capi
248 2253 305 2292 non
328 2245 430 2310 posset,
447 2236 630 2294 multitudine
651 2237 868 2295 circumventus
888 2246 941 2294 est.
985 2236 1064 2294 Hinc

62 2351 67 2361 ·
96 2337 99 2344 ·
156 2324 263 2384 tamen,
279 2314 378 2372 multis
392 2315 453 2371 suis
467 2315 589 2385 amissis,
604 2335 635 2372 se
654 2315 808 2390 expedivit,
826 2316 896 2372 etin
911 2314 1064 2374 castellum

157 2393 304 2470 Phrygiae,
319 2393 395 2468 quod
410 2392 491 2450 Nora
506 2394 676 2469 appellatur,
692 2393 832 2470 confugit.
855 2392 888 2450 In
902 2413 960 2468 quo
974 2409 1063 2467 quum
1085 2395 1104 2447 ⁴

158 2471 431 2541 clrcumsederctur‚
460 2483 488 2528 et
517 2484 675 2541 vereretur,
701 2491 737 2528 ne
766 2491 824 2528 uno
854 2471 917 2529 loeo
945 2487 1065 2526 manens

157 2569 247 2624 equos
262 2550 402 2606 militares
418 2550 559 2625 perderet,
571 2551 647 2625 quod
661 2551 784 2626 spatium
800 2568 856 2606 non
871 2559 946 2605 esset
956 2548 1064 2624 agitan-

158 2627 207 2685 di:
229 2628 367 2685 callidum
383 2627 438 2686 fuit
460 2628 524 2702 ejus
548 2629 708 2696 inventurn,
723 2625 965 2702 quemadmodum
986 2634 1065 2682 stans

155 2707 320 2782 jumentum
335 2707 518 2764 concalefieri
540 2707 728 2780 exercerique
743 2715 845 2779 posset,
860 2722 917 2779 quo
931 2702 1065 2760 libentius

158 2795 188 2841 et
212 2785 276 2842 cibo
290 2794 428 2853 uteretur,
444 2795 474 2842 et
498 2803 516 2840 a
537 2787 665 2859 corporis
680 2793 758 2840 motu
781 2801 836 2839 non
858 2792 1063 2838 removeretur.

159 2863 380 2939 substringebat
394 2873 482 2937 caput
496 2863 556 2920 lcrc
577 2862 664 2920 altius
678 2880 767 2936 quam
785 2870 817 2917 ut
831 2861 973 2936 prioribus
987 2861 1063 2937 padi·
1085 2863 1104 2915 5

159 2942 213 2998 bus
228 2941 313 3016 plane
327 2952 436 2999 terram
451 2951 544 3016 posset
559 2942 716 3016 attingere3
739 2939 841 2996 deinde
863 2949 924 3015 pcst
938 2940 1063 2996 verberi-

160 3019 213 3077 bus
227 3020 347 3096 ccgebat
361 3020 517 3088 exsultare,
533 3028 561 3077 et
581 3020 678 3077 calces
699 3019 854 3077 remittere.
896 3017 957 3082 Qui
972 3028 1065 3075 motus

159 3116 215 3155 non
229 3099 324 3154 minus
338 3098 473 3155 sudorem
487 3098 659 3168 excutiebat,
674 3116 762 3172 quam
776 3097 801 3153 si
815 3097 845 3153 in
859 3097 950 3170 spatio
963 3095 1063 3153 decur-

160 3187 245 3234 reret.
266 3176 334 3241 Quo
348 3176 457 3234 factum
468 3185 519 3243 est,
529 3174 604 3250 quod
618 3174 750 3232 omnibus
762 3174 893 3232 mirabile
904 3185 946 3231 est
957 3175 1062 3244 visum,
1085 3177 1104 3230 6

160 3263 192 3312 ut
215 3273 298 3329 aeque
323 3255 457 3329 jumenta
480 3254 569 3310 nitida
592 3273 627 3310 ex
653 3253 772 3310 castello
800 3252 944 3322 educeret,
973 3270 1065 3328 quum

159 3333 323 3409 complures
337 3351 452 3388 menses
465 3332 494 3388 in
515 3331 660 3389 obsidione
676 3329 785 3398 fuisset,
801 3349 836 3388 ac
850 3332 874 3387 si
891 3332 921 3388 in
936 3350 1064 3406 campes-

159 3411 251 3467 tribus
264 3430 300 3467 ea
314 3410 387 3467 locis
409 3410 566 3468 habuisset.
609 3408 642 3466 In
663 3409 719 3466 bac
732 3407 927 3479 conclusione,
940 3410 1064 3485 quoties·
1085 3411 1104 3464 7

160 3507 287 3564 cumque
302 3488 402 3558 voluit,
418 3497 588 3562 apparatum
602 3496 630 3542 et
651 3487 823 3544 munitiones
838 3487 978 3563 Antigoni
993 3486 1066 3542 alias

161 3567 297 3635 incendit,
322 3566 395 3622 alias
416 3566 540 3640 disjecit.
596 3563 705 3620 Tenuit
729 3573 824 3621 autem
849 3583 880 3620 se
908 3583 966 3620 uno
993 3564 1065 3632 loco,

160 3645 299 3721 quamdiu
326 3638 380 3702 fuit
401 3645 504 3701 hiems.
547 3641 633 3706 Quod
658 3654 786 3700 castrum
808 3641 937 3698 subsidia
959 3639 1066 3696 habere

160 3741 217 3781 non
242 3731 362 3799 poterat,
377 3731 406 3779 et
420 3739 472 3778 ver
486 3720 743 3795 appropinquabat,
758 3718 895 3774 simulata
916 3716 1067 3782 deditione,
