2608 4300
253 369 294 427 82
508 358 581 422 ΧΧ.
629 367 655 422 l.
703 355 900 440 (Timoleon.)

250 511 342 582 fame,
367 511 459 572 aetatis
477 513 700 582 misererentur3
726 509 842 586 plurimi
863 526 932 565 vero
956 509 1001 566 ira
1025 527 1151 568 exacue-

249 601 349 650 rentur
362 599 476 666 propter
489 588 654 665 proditionis
675 588 867 663 suspicionem
888 587 999 656 piraeei,
1015 589 1155 646 maxime-

248 687 315 744 que,
329 668 404 744 quod
419 667 557 724 adversus
578 666 675 742 populi
690 664 839 722 commoda
863 666 892 721 in
907 677 1055 723 senectute
1069 676 1155 725 stete·

209 751 229 804 2
249 757 303 803 rat.
325 745 394 810 Qua
408 745 443 802 de
459 763 490 801 re
501 762 538 800 ne
553 744 704 820 perorandi
715 743 830 818 quidem
842 745 869 800 ei
883 743 951 799 data
962 754 1004 800 est
1019 743 1154 815 facultas,

248 834 277 882 et
296 822 410 880 dicendi
423 840 553 880 causam.
596 821 666 879 lnde
686 821 802 896 judicio,
824 821 960 898 legitimis
980 821 1156 896 quibusdam

248 900 396 970 confectis,
417 901 577 968 damnatus,
593 899 715 956 traditus
734 907 777 956 est
796 899 931 956 undecim
946 901 1025 968 viris,
1047 901 1157 974 quibus

249 979 284 1035 ad
299 979 472 1054 supplicium
481 997 560 1035 more
571 978 795 1034 Atheniensium
810 977 926 1053 publice
937 976 1064 1037 damnati
1079 978 1156 1035 tradi

208 1061 228 1114 3
248 1057 349 1114 solent.
392 1056 450 1114 Hic
464 1074 554 1131 quum
570 1055 605 1112 ad
620 1065 739 1111 mortem
754 1055 920 1124 duceretur,
934 1056 1036 1112 obvius
1050 1056 1077 1111 ei
1099 1055 1156 1112 fuit

248 1135 451 1210 Emphyletus,
465 1153 523 1209 quo
537 1132 718 1190 familiariter
732 1133 827 1189 fuerat
842 1151 922 1190 usus.
964 1132 993 1190 Is
1006 1151 1097 1206 quum
1112 1134 1155 1190 la-

248 1213 375 1270 crimans
393 1212 528 1268 dixisset:
549 1230 660 1285 aquam
684 1209 801 1285 indigna
817 1214 979 1284 prepeterm,
1001 1209 1156 1268 Phocion!

247 1291 316 1347 huic
330 1290 389 1358 ille,
403 1299 433 1347 ot
445 1309 500 1346 non
513 1291 662 1361 inopinata,
679 1289 788 1362 inquit:
809 1291 880 1346 lianc
895 1292 966 1346 enim
980 1291 1080 1346 adum
1092 1290 1154 1362 ple-

208 1371 326 1444 triqne
340 1370 411 1424 citri
434 1370 489 1424 oiri
512 1367 664 1424 habuerunt
678 1365 871 1424 Athenienses.
912 1367 945 1424 ln
966 1365 1020 1424 hoc
1041 1376 1154 1423 tantum

248 1445 302 1503 fuit
322 1445 419 1502 odium
444 1445 643 1513 multitudiuis,
659 1456 691 1502 ut
714 1463 798 1502 nemo
812 1463 902 1502 ausus
925 1447 962 1502 sit
986 1463 1054 1502 eum
1078 1444 1156 1502 liber

247 1523 379 1599 sepelire.
420 1523 521 1601 ltaque
535 1541 553 1580 a
567 1525 659 1581 servis
673 1522 805 1598 sepultus
821 1533 874 1580 est.

537 1751 862 1762 ......-.-.-——.

424 1883 531 2008 nx.
586 1932 974 2008 uruonnou.

622 2117 778 2129 —--—

210 2232 225 2285 l
287 2227 310 2286 Ι.
337 2225 483 2298 Timoleon,
502 2227 671 2285 Corinthius.
702 2227 771 2284 Sine
785 2228 872 2286 dubio
886 2247 1010 2304 maguus
1022 2231 1150 2286 omnium

245 2305 355 2382 judicio
368 2306 415 2362 hic
430 2307 475 2362 vir
488 2307 605 2363 exstitit.
637 2306 773 2380 Namque
785 2307 854 2364 huic
869 2309 919 2363 uni
933 2308 1060 2383 contigit,
1075 2309 1149 2383 quod

247 2385 344 2442 nescio
359 2401 394 2442 an
417 2384 478 2450 ulli,
494 2393 524 2440 ut
544 2393 572 2441 et
586 2383 717 2458 patriam,
739 2385 768 2439 in
782 2403 840 2459 qua
854 2394 1022 2453 matuatus,
1037 2404 1147 2460 oppres-

248 2481 310 2519 sam
325 2481 342 2518 a
356 2471 479 2536 tyranno
499 2461 643 2529 liberaret,
658 2471 686 2518 et
701 2480 716 2517 a
732 2459 897 2537 Syracusis,
916 2463 1021 2536 quibus
1042 2463 1147 2520 auxilio

250 2549 312 2596 erat
325 2541 438 2609 missus,
448 2541 636 2596 inveteratam
647 2539 814 2596 servitutem
829 2539 994 2615 depelleret,
1004 2550 1145 2615 totamque

248 2617 387 2686 Siciliam,
409 2617 513 2674 multos
528 2616 706 2684 anuosbello
721 2628 854 2674 vexatam
869 2637 886 2673 a
902 2618 1087 2692 barbarisque
1101 2638 1145 2693 op-

208 2699 227 2750 2
248 2711 384 2769 pressam,
400 2714 452 2752 suo
467 2695 590 2752 adventu
614 2695 643 2751 in
658 2694 809 2768 pristinum
824 2697 997 2752 restitueret.
1038 2696 1095 2752 Sed
1118 2697 1145 2751 in

247 2772 292 2828 his
317 2772 403 2828 rebus
427 2792 483 2829 non
507 2773 631 2847 simplici
656 2770 769 2828 fortuna
793 2773 972 2830 conflictatus
995 2783 1047 2842 est,
1069 2783 1106 2842 et,
1120 2773 1145 2829 id

247 2849 322 2923 quod
336 2849 483 2907 difficilius
497 2860 621 2925 putatur,
634 2849 723 2906 multo
734 2851 890 2925 sapientius
904 2851 969 2907 tulit
982 2851 1144 2919 secundam,

209 2930 227 2982 3
248 2943 335 3002 quam
350 2927 500 2984 adversam
516 2927 668 2984 fortunam.
712 2927 790 2984 Nam
805 2946 897 3001 quum
919 2928 1008 2984 frater
1021 2929 1085 3003 ejus
1099 2928 1144 2984 Ti-

247 3005 412 3079 mophanes,
428 3005 486 3062 dux
511 3023 529 3060 a
550 3005 704 3062 Corinthiis
728 3005 865 3076 delectus,
890 3005 1074 3080 tyrannidem
1098 3024 1144 3080 per

247 3082 353 3140 milites
367 3085 560 3140 mercenarios
581 3092 757 3156 occupasset,
778 3083 978 3159 particepsque
992 3085 1074 3160 regni
1087 3103 1142 3158 pos

248 3169 291 3216 set
305 3179 385 3216 esse:
408 3171 519 3218 tantum
534 3160 626 3217 abluit
640 3178 658 3215 a
672 3161 807 3218 societate
821 3163 949 3230 sceleris,
965 3170 996 3218 ut
1011 3161 1142 3218 antetule-

248 3238 285 3294 rit
306 3256 424 3294 suorum
450 3239 558 3295 civium
578 3238 738 3294 libertatem
763 3236 859 3294 fratris
879 3239 974 3307 saluti,
996 3248 1024 3295 et
1048 3257 1142 3314 parere

208 3318 227 3370 4
247 3315 370 3390 legibus,
392 3333 480 3390 quam
504 3317 647 3390 imperare
670 3317 788 3390 patriae,
804 3317 894 3372 satius
915 3315 1037 3374 duxerit.
1083 3315 1142 3372 Hac

248 3403 343 3450 niente
365 3411 415 3468 per
429 3393 621 3468 haruspicem,
636 3409 877 3467 communemque
897 3392 1021 3462 affinem,
1036 3395 1084 3452 cui
1104 3413 1140 3451 sc

248 3488 305 3539 ror,
320 3489 355 3527 ex
371 3471 477 3528 eisdem
499 3471 663 3544 parentibus
683 3480 759 3538 nata,
774 3483 863 3544 nupta
883 3481 953 3545 erat,
968 3469 1085 3528 fratrem
1103 3482 1140 3545 ty-

248 3565 373 3604 ranuum
391 3546 620 3604 interficiendum
635 3547 758 3604 curavit.
801 3547 865 3622 Ipse
879 3567 935 3605 non
950 3547 1032 3605 modo
1046 3567 1140 3606 manus

249 3641 306 3680 non
322 3621 425 3692 attulit,
440 3622 540 3680 sedne
560 3623 708 3699 adspicere
721 3625 838 3697 quidem
859 3624 1019 3683 fraternum
1033 3628 1139 3702 saugui-

249 3719 316 3757 nem
330 3702 429 3758 voluit.
471 3699 501 3758 N
503 3719 559 3768 am,
573 3699 642 3757 dum
653 3718 700 3756 res
713 3702 912 3772 conficeretur,
922 3704 1022 3778 procul
1036 3704 1065 3760 iu
1079 3721 1139 3779 prae
1192 3703 1195 3710 '
