2608 4300
257 367 298 424 ⁹4
440 359 562 425 XXIII.
610 369 656 436 ll,
676 369 722 426 12.
769 361 975 443 (Hannibal.)

213 517 230 568 5
251 532 357 589 easque
377 516 407 572 in
423 533 492 572 vasa
507 515 607 572 fictilia
621 516 734 590 conjici.
778 515 894 572 Harum
912 528 1002 591 quum
1017 515 1157 574 coniecis-

251 602 294 648 set
319 611 453 670 magnam
478 593 699 662 multitudinem,
715 593 761 650 die
786 596 855 669 ipso,
870 613 927 668 quo
949 593 1080 652 facturus
1094 605 1158 652 erat

249 671 354 728 navale
379 671 524 747 proelium,
540 671 704 729 classiarios
728 683 875 740 convocat,
891 673 993 747 hisque
1014 675 1156 752 praecipit‚

249 766 348 805 omnes
363 750 437 807 utin
452 766 540 806 unam
562 749 703 806 Eumenis
718 751 795 826 regis
813 761 987 810 concurrant
1007 767 1122 820 navem,
1139 772 1158 809 a

249 828 355 884 ceteris
377 837 488 884 tantum
513 829 582 884 satis
604 828 728 885 habeant
752 849 783 885 se
805 828 983 886 defendere.
1010 828 1041 886 Id
1066 828 1155 887 facile

166 923 171 930 ·
210 904 313 962 dillos
327 907 501 981 serpentium
517 906 698 964 multitudine
718 917 933 964 consecuturos.
976 906 1040 964 Rex
1056 919 1155 966 autem

248 984 278 1039 in
292 1002 350 1057 qua
364 1003 437 1041 nave
453 984 614 1052 veheretur,
633 995 663 1041 ut
685 985 802 1054 scirent,
818 1005 849 1042 se
875 984 1041 1057 facturum3
1064 1006 1155 1061 quem

248 1063 272 1118 si
286 1073 336 1120 aut
350 1065 501 1138 cepissent,
516 1073 566 1120 aut
587 1063 806 1131 interfecissent,
824 1081 929 1139 magno
942 1064 987 1120 his
1001 1065 1156 1140 pollicetur

248 1141 365 1216 praemio
380 1139 449 1198 lore.

210 1222 224 1275 1
289 1219 339 1278 XI.
363 1219 430 1276 Tali
444 1219 636 1276 cohortatione
652 1220 776 1278 militum
798 1217 885 1290 facta,
900 1219 1001 1276 classis
1016 1220 1052 1276 ab
1068 1223 1154 1278 utris·

247 1315 304 1372 que
329 1299 358 1354 in
383 1297 518 1372 proelium
542 1297 706 1354 deducitur.
749 1297 884 1362 Quarum
905 1298 967 1354 acie
988 1300 1152 1368 constituta,

248 1377 414 1451 priusquam
429 1377 544 1452 signum
567 1395 672 1452 pugnae
686 1375 811 1444 daretur,
828 1375 983 1456 Hannibal,
1000 1387 1031 1433 ut
1054 1377 1152 1451 palam

248 1453 356 1512 faceret
380 1455 449 1524 suia,
475 1474 532 1529 quo
559 1453 622 1512 loco
645 1453 792 1511 Eumenes
815 1463 889 1510 esset
910 1454 1094 1512 tabellarium
1122 1456 1153 1512 in

208 1534 226 1586 2
247 1534 355 1608 scapha
377 1552 445 1590 cum
466 1533 593 1589 caduceo
614 1533 708 1589 mittit.
751 1531 811 1597 Qui
827 1532 875 1588 ubi
897 1531 932 1587 ad
946 1551 1036 1588 naves
1051 1533 1150 1590 adver-

240 1613 386 1668 sariorum
415 1612 553 1686 pervenit,
578 1612 787 1685 epistolamque
815 1610 965 1666 ostendens
992 1629 1023 1688 se
1053 1629 1152 1686 regem

247 1688 392 1765 professus
415 1700 458 1746 est
480 1691 618 1763 quaerere,
644 1689 740 1746 statim
766 1689 802 1746 ad
824 1688 989 1746 Eumenem
1009 1687 1152 1746 deductus

247 1777 298 1836 est,
313 1768 388 1842 quod
402 1768 651 1836 nemoduhitabat‚
667 1767 776 1842 aliquid
790 1767 825 1823 de
840 1785 910 1841 pace
920 1785 982 1823 esse
997 1767 1149 1842 scriptum.

247 1844 442 1914 Tabellarius,
470 1845 552 1902 ducis
579 1865 653 1903 nave
674 1846 821 1902 declarata
844 1845 914 1913 suis,
936 1844 1047 1914 eodem,
1075 1846 1151 1902 unde

207 1925 225 1978 3
246 1923 327 1992 ierat,
342 1943 373 1980 se
389 1925 506 2001 recepit.
550 1925 590 1980 At
605 1923 761 1993 Eumenes,
777 1924 870 1981 soluta
884 1922 1012 1998 epistola,
1027 1923 1100 1979 nihil
1121 1925 1151 1980 in

245 2020 281 2058 ea
309 2003 423 2076 reperit,
445 2003 499 2058 nisi
528 2001 602 2077 quod
628 2003 662 2060 ad
685 2000 862 2059 irridendum
888 2019 963 2057 eum·
982 2003 1148 2076 pertineret.

245 2079 338 2156 Cujus
352 2082 404 2136 etsi
419 2099 538 2138 causam
549 2082 717 2150 mirabatur,
727 2099 821 2155 neque
837 2079 1042 2157 reperiebatur,
1053 2089 1150 2136 tamen

206 2161 224 2213 4
246 2159 381 2233 proelium
395 2160 491 2215 statim
512 2161 689 2216 committere
707 2177 763 2216 non
787 2157 937 2217 dubitavit.
980 2156 1095 2214 Horum
1120 2159 1150 2214 in

245 2255 389 2294 concursu
404 2236 524 2310 Bithyni
549 2237 724 2294 Hannibalis
745 2245 887 2312 praeccpto
901 2236 1029 2292 universi
1043 2252 1149 2292 navem

245 2314 386 2372 Eumenis
401 2315 579 2372 adoriuntur.
612 2315 745 2380 Quorum
761 2316 820 2371 vim
835 2333 886 2370 rex
900 2332 991 2389 quum
1006 2315 1149 2371 sustinere

243 2412 299 2450 non
323 2405 423 2469 posset,
440 2392 510 2469 suga
532 2395 654 2451 saltitem
678 2395 774 2469 petiit:
795 2411 882 2467 quam
904 2401 1077 2450 consecutus
1091 2411 1149 2448 non

165 2485 170 2496 ·
243 2483 325 2542 esset,
340 2473 396 2529 nisi
410 2474 485 2529 intra
494 2492 548 2529 sua
563 2468 695 2548 praesidia
709 2492 740 2528 se
756 2473 920 2546 recepisset,
930 2489 995 2545 quae
1010 2471 1039 2525 in
1054 2472 1147 2545 proxi-

203 2552 222 2605 5
242 2571 289 2608 mo
309 2553 391 2609 litore
405 2561 488 2609 erant
510 2553 661 2608 collocata.
705 2550 837 2624 Reliquae
851 2546 1037 2630 Pergamenae
1057 2560 1148 2605 naves

242 2650 333 2704 quum
349 2631 527 2688 adversarios
543 2639 704 2706 premerent
719 2630 825 2698 aerina,
842 2636 956 2702 repente
968 2627 996 2682 in
1013 2645 1061 2682 eas
1076 2645 1148 2684 vasa

241 2709 349 2778 fictilia,
378 2710 415 2766 de·
441 2710 546 2784 quibus
573 2727 661 2784 supra
689 2709 862 2764 mentionem
887 2705 1018 2772 fecimus
1042 2705 1147 2779 conjici

242 2797 337 2862 coepta
351 2798 428 2845 sunt.
470 2788 546 2853 Quae
557 2788 637 2863 jacta
658 2787 738 2842 initio
754 2786 844 2842 risum
868 2783 1063 2860 pugnantibus
1078 2800 1145 2838 con·

201 2866 221 2920 6
241 2865 375 2935 citarunt,
391 2885 495 2941 neque,
511 2885 600 2940 quare
615 2865 642 2922 id
658 2865 747 2933 fieret,
771 2874 880 2939 poterat
893 2861 1025 2937 intelligi.
1067 2859 1145 2917 Post·

240 2963 327 3019 quam
340 2954 438 3001 autem
452 2963 541 3006 naves
555 2944 711 3019 completas
727 2950 938 3018 conspexerunt
952 2939 1144 3014 serpentibus,

239 3042 315 3080 nova
330 3041 361 3080 re
376 3023 527 3099 perterriti,
543 3042 641 3098 quum,
657 3022 727 3097 quid
748 3021 925 3097 potissimum
941 3019 1072 3086 vitarent,
1088 3035 1145 3073 non

240 3102 379 3171 viderent,
394 3121 503 3179 puppes
517 3111 692 3169 averterunt,
703 3119 791 3175 seque
806 3099 841 3156 od
856 3117 909 3154 sue
918 3106 1013 3154 castra
1026 3096 1145 3153 nautica

200 3181 218 3234 t
239 3181 411 3237 retulerunt.
445 3181 494 3240 Sic
510 3179 656 3237 Hannibal
672 3179 791 3236 consilio
803 3195 883 3234 arma
898 3175 1145 3252 Pergamenorum

239 3259 403 3332 superavit:
424 3278 518 3334 neque
532 3270 593 3316 tum
609 3258 711 3326 solum,
722 3256 771 3314 sed
787 3275 862 3331 saepe
877 3254 949 3310 alias
964 3251 1144 3328 pedestribus

239 3337 329 3410 copiis
343 3337 405 3410 pari
420 3337 571 3412 prudentia
584 3335 694 3412 pepulit
708 3334 897 3392 adversarios.
1146 3341 1151 3348 '

171 3449 174 3452 -
201 3411 216 3470 1
281 3412 346 3471 XII.
369 3413 444 3478 Quae
458 3416 527 3472 dum
542 3416 571 3472 in
586 3415 660 3471 Asia
674 3422 824 3490 geruntur,
841 3411 946 3468 accidit
960 3425 1041 3477 casu,
1057 3418 1089 3464 ut
1102 3407 1143 3464 le-

238 3493 298 3570 gati
326 3492 435 3550 Prusiae
463 3493 563 3550 Rcmae
591 3493 666 3568 apud
694 3491 731 3550 L.
758 3491 911 3556 Quintium
935 3487 1142 3556 Flamininum,

239 3571 430 3638 consularem,
442 3580 600 3638 coenarent,
611 3581 697 3644 atque
711 3569 760 3638 ibi,
772 3570 807 3626 de
822 3564 988 3624 Hannibale
998 3565 1142 3621 mentione

240 3647 325 3717 facta,
339 3667 377 3704 ex
400 3648 445 3704 his
460 3666 536 3704 unus
556 3648 674 3716 diceret,
689 3644 756 3704 eum
781 3647 811 3702 in
832 3646 943 3702 Prusiae
963 3661 1053 3719 regno
1067 3661 1141 3700 esse.

200 3728 219 3780 2
239 3724 272 3782 Id
293 3734 403 3801 postero
417 3723 462 3782 die
477 3723 660 3782 Flamininus
673 3726 787 3783 senatui
806 3723 918 3782 detulit.
961 3721 1062 3780 Patres
1076 3739 1143 3779 con-
