2608 4300
238 389 279 446 68
349 365 356 386 ‘
451 379 556 444 XVII.
604 387 630 455 l,
645 388 673 446 2.
721 359 927 464 (Agesilaus)

278 766 281 774 ¹
370 779 540 855 XVII.
591 781 1002 874 AGESILAUS.

196 1097 210 1148 1
273 1090 296 1148 l.
320 1091 483 1166 Agesilaus,
499 1089 733 1164 Luccdcmonius,
749 1111 840 1168 quum
862 1094 999 1150 coeteris
1023 1094 1144 1169 scripto·

234 1170 323 1239 ribus,
339 1181 400 1227 tum
415 1172 521 1228 eximie
537 1189 554 1228 a
581 1171 767 1248 Xenophonte
791 1173 938 1229 Socratico
958 1171 1145 1230 collaudatus

194 1252 213 1305 2
234 1259 296 1306 est:
318 1268 353 1306 eo
367 1251 444 1306 enim
459 1269 530 1307 usus
551 1261 593 1306 est
608 1248 842 1307 familiarissime.
885 1249 944 1307 Hie
965 1251 1091 1325 primum
1107 1250 1143 1307 de

234 1345 323 1404 regno
345 1346 413 1384 cum
438 1327 626 1402 Leotychide,
648 1327 747 1386 fratris
771 1329 840 1396 filio,
863 1329 965 1385 habuit
987 1330 1142 1386 contentio·

233 1424 310 1463 nem.
335 1406 398 1464 Mos
413 1417 456 1464 est
470 1407 549 1463 enim
563 1425 580 1462 a
595 1407 751 1481 majoribus
766 1406 996 1464 Lacedaemoniis
1010 1407 1141 1476 traditus,

234 1495 265 1542 ut
290 1485 361 1542 duos
386 1485 525 1542 haberent
546 1504 661 1560 semper
685 1504 778 1562 reges,
799 1486 914 1542 nomine
936 1486 1038 1561 magis,
1053 1504 1142 1560 quam

166 1559 172 1578 ‘
233 1564 361 1639 imperi0,
377 1583 413 1620 ex
440 1563 553 1620 duabus
575 1561 692 1620 familiis
707 1563 802 1621 Procli
816 1574 844 1621 et
870 1563 1074 1638 Eurysthenis,
1090 1565 1142 1638 qui

232 1643 377 1719 principes
398 1661 434 1698 ex
450 1642 585 1718 progenie
607 1641 746 1700 Herculis
770 1643 881 1717 Spartae
901 1661 986 1718 reges
1011 1641 1140 1698 fuerunt.

193 1724 212 1776 3
233 1720 346 1777 Harum
362 1740 398 1777 ex
414 1720 505 1777 altera
519 1721 549 1776 in
564 1717 686 1778 alterius
701 1720 819 1778 familiae
833 1721 929 1778 locum
951 1721 1014 1776 fieri
1029 1739 1084 1776 non
1107 1720 1140 1777 li·

232 1799 325 1856 nebat.
368 1798 471 1873 ltaque
497 1808 619 1872 utraque
634 1818 720 1856 suum
743 1800 883 1856 retinebat
896 1798 1035 1856 ordinem.
1079 1799 1140 1855 Pri-

232 1895 312 1933 mum
327 1878 399 1934 ratio
413 1877 582 1946 habebatur,
595 1879 644 1952 qui
659 1879 803 1934 maximus
818 1889 887 1934 natu
902 1887 976 1934 esset
990 1896 1026 1934 ex
1041 1877 1141 1954 liberis

232 1955 359 2030 ejusqui
375 1973 500 2031 regnans
514 1955 694 2013 decessisset.
731 1955 783 2014 Sin
797 1957 823 2014 ia
837 1957 951 2012 virilem
966 1974 1067 2012 sexum
1082 1973 1139 2012 non

232 2034 404 2108 reliquisset,
420 2044 481 2091 tum
496 2034 686 2110 deligebatur,
701 2037 751 2110 qui
769 2036 916 2110 proximus
930 2044 1005 2091 esset
1027 2035 1139 2109 propin-

192 2117 211 2168 4
232 2113 350 2187 quitate.
394 2112 527 2188 Mortuus
542 2123 605 2170 erat
619 2114 693 2189 Agis
718 2133 778 2182 rex,
795 2113 883 2170 frater
905 2113 1047 2190 Agesilai.
1090 2112 1139 2168 Fi·

232 2190 304 2247 lium
335 2190 492 2266 reliqueret
520 2189 737 2266 Leotychidem,
763 2211 850 2266 quem
878 2191 928 2248 ille
956 2201 1057 2248 natum
1081 2209 1139 2247 non

232 2279 359 2344 eguerat,
375 2269 510 2326 eumdem
535 2272 659 2326 moriens
685 2290 770 2328 suum
796 2289 858 2328 esse
883 2270 1005 2326 dixerat.
1048 2269 1077 2327 Is
1102 2270 1139 2327 de

231 2348 337 2404 honore
351 2348 433 2424 regni
454 2367 522 2405 cum
537 2348 686 2424 Agesilao,
702 2369 753 2406 suo
777 2359 888 2426 patruo,
904 2348 1066 2406 contendit:
1088 2367 1137 2406 ne-

78 2453 91 2466 .
191 2430 287 2502 bque
311 2426 349 2496 id,
365 2426 440 2501 quod
464 2427 571 2502 petivit,
588 2438 759 2485 consecutus
780 2429 848 2485 est.'
877 2428 955 2484 Nam
982 2426 1138 2502 Lysandro

231 2504 419 2581 suffragante,
445 2506 568 2575 homine,
595 2515 626 2562 ut
650 2507 825 2564 ostendimus
847 2524 944 2582 supra,
967 2505 1085 2562 factioso
1109 2515 1139 2563 et

230 2584 275 2641 his
289 2585 463 2660 temporibus
477 2591 598 2660 potente,
614 2585 772 2660 Agesilaus
787 2585 929 2642 antelatus
944 2594 997 2641 est.

191 2667 205 2721 1
268 2662 306 2721 ΙΙ.
330 2663 388 2722 Hie
402 2664 577 2737 simulatque
602 2663 713 2739 imperii
735 2665 839 2738 potitus
854 2674 904 2732 est,
921 2663 1063 2738 persuasit
1077 2661 1135 2720 La·

229 2741 419 2811 cedaemoniiS,
450 2753 481 2798 ut
504 2743 665 2799 exercitum
695 2742 857 2800 emitterent
880 2743 911 2797 in
939 2742 1051 2810 Asiam,
1078 2741 1137 2798 bel-

228 2820 347 2894 lumque
363 2822 425 2896 regi
440 2819 585 2878 facerent:
608 2821 722 2890 decena,
732 2821 822 2878 satius
832 2840 894 2877 esse
909 2821 939 2877 in
954 2819 1037 2889 Asia,
1048 2839 1138 2894 quam

228 2899 258 2954 in
273 2898 392 2975 Europa
406 2899 547 2956 dimicari.
590 2898 727 2975 Namque
748 2899 825 2956 lama
838 2899 959 2967 exierat,
976 2899 1136 2956 Artaxerx-

228 2995 275 3032 em
296 2996 464 3052 comparare
480 2976 588 3034 classes
614 2977 815 3054 pedestresque
840 2978 994 3045 exercitus,
1009 2995 1081 3052 quos
1106 2977 1137 3032 in

188 3061 207 3114 2
229 3054 374 3112 Graeciam
389 3057 522 3113 mitteret.
558 3055 635 3113 Data
649 3066 794 3131 potestate,
810 3065 889 3112 tanta
903 3056 1051 3113 celeritate
1066 3073 1137 3112 usus

227 3144 278 3203 est,
292 3145 323 3191 ut
337 3135 416 3210 prius
430 3135 459 3191 in
474 3135 578 3191 Asiam
593 3153 661 3191 eum
672 3135 761 3210 copiis
775 3135 947 3210 pervenerit,
960 3151 1047 3209 quam
1062 3134 1137 3210 regii

227 3222 349 3288 satrapae
371 3230 439 3268 eum
463 3214 570 3269 scirent
593 3211 764 3288 profectum.
807 3212 874 3277 Quo
899 3212 1081 3281 factumest,
1104 3221 1137 3268 ut

188 3296 325 3349 Bomnes
353 3291 508 3364 imparatos
536 3290 787 3367 imprudentesque
815 3290 981 3348 offenderet.
1037 3289 1068 3347 ld
1086 3316 1090 3324 ·
1105 3301 1138 3346 ut

227 3369 361 3446 cognovit
376 3367 596 3445 Tissaphernes
612 3371 662 3445 qui
677 3389 823 3426 summum
839 3370 993 3445 imperium
1007 3377 1069 3426 tum
1092 3369 1135 3425 in-

226 3458 271 3505 ter
285 3446 435 3523 praefectcs
449 3447 572 3504 habebat
587 3449 690 3524 regios,
706 3448 839 3505 inducias
855 3467 872 3504 a
893 3447 1011 3505 Lacone
1024 3447 1135 3522 petivit,

226 3526 375 3595 simulans,
391 3545 422 3582 se
447 3527 521 3582 dare'
537 3544 663 3600 operam,
679 3536 710 3582 ut
732 3525 960 3583 Lacedaemoniis
981 3544 1050 3582 cum
1065 3537 1135 3602 rege

226 3605 411 3673 conveniret;
445 3621 475 3658 re
502 3612 598 3658 autem
625 3622 693 3660 vera
718 3604 753 3660 ad
782 3605 878 3678 copias
906 3603 1134 3678 comparandas:

187 3683 206 3739 4
226 3700 333 3755 easque
358 3680 522 3755 impetravit
542 3679 710 3736 trimestres.
752 3679 868 3738 Juravit
888 3690 985 3736 autem
1001 3690 1134 3754 uterque,

226 3775 258 3814 ae
272 3759 335 3815 siue
347 3756 412 3813 dolo
426 3756 557 3813 inducias
572 3765 821 3812 conservaturum.
864 3757 898 3815 ln
921 3775 980 3833 qua
1001 3759 1135 3833 pactione
