2608 4300
329 365 463 435 XXIII.
507 380 536 446 9,
560 378 607 434 10.
655 369 858 454 (Hannibal.)
1009 379 1051 438 93

139 515 239 592 duplex
254 522 402 578 memoria
430 524 542 600 prodita
562 534 614 582 est.
657 525 793 600 Namque
818 525 867 584 alii
889 523 1050 602 naufragio,

137 593 183 652 alii
197 615 214 652 a
228 600 322 655 servis
348 601 449 675 ipsIus
473 602 658 662 intersectum
672 623 749 674 eum,
765 605 904 680 scriptum
927 605 1049 680 relique·

136 683 206 730 runt.
248 677 426 737 Antiochus
443 691 546 750 autem,
562 683 660 739 sitam
684 683 713 738 iu
729 683 839 758 agendo
860 683 934 742 bello
948 701 1049 759 parcre
1070 688 1089 740 3

135 752 268 811 voluisset
283 759 425 816 consiliis
440 760 510 834 ejus,
526 779 614 834 quam
636 761 666 816 in
681 761 862 836 susciplendc
877 763 1047 830 iustituemt,

133 831 245 905 propius
260 833 380 904 Tiberi,
398 857 488 914 quam
511 838 717 914 Thermopylis
740 839 775 896 de
800 858 913 896 summa
935 841 1048 917 imperii

133 907 307 970 dimicasset.
355 916 459 981 Quem
474 917 528 974 etsi
549 919 641 974 multa
655 918 742 974 stulte
756 918 854 975 conari
869 917 990 988 videbat,
1006 930 1046 976 ta·

132 1003 193 1042 men
208 991 294 1049 nulla
310 991 447 1052 deseruit
461 996 491 1051 in
507 1014 547 1051 re.
584 994 700 1052 Praesuit
715 997 816 1072 paucis
830 997 959 1066 navibus,
974 1017 1047 1072 quas
1067 1001 1086 1056 4

131 1082 164 1119 ex
179 1066 268 1139 Syria
287 1071 400 1146 jussus
415 1084 476 1130 erat
497 1075 527 1130 in
542 1073 645 1130 Asiam
660 1075 777 1142 ducere,
794 1075 894 1150 hisque
910 1075 1047 1132 adversus

132 1141 310 1205 Rhodiorum
327 1151 458 1209 classem
474 1153 503 1208 in
525 1152 694 1228 Pamphylio
709 1153 782 1209 mari
802 1154 938 1210 confflxit.
980 1153 1048 1219 Quo

131 1239 217 1294 quum
232 1228 431 1287 multitudine
446 1231 676 1289 adversariorum
690 1232 735 1288 sui
750 1243 964 1307 superarentur,
977 1232 1046 1308 lpse,

131 1317 184 1372 quo
198 1321 293 1363 cornu
310 1327 379 1364 rem
393 1311 491 1384 gessit,
508 1309 561 1366 luit
575 1310 714 1385 superior.

168 1377 219 1437 IX.
245 1385 403 1445 Antiocho
418 1386 525 1465 fugato,
541 1406 653 1456 verens,
668 1405 705 1444 ne
718 1387 879 1457 dederetur,
895 1387 970 1463 quod
984 1387 1046 1446 siha
1069 1393 1083 1447 l

132 1453 214 1516 dubio
229 1465 403 1536 accidisset,
418 1467 443 1522 si
467 1467 513 1523 sui
538 1465 653 1524 iecisset
678 1476 854 1542 potestatem,
868 1466 985 1523 Cretam
1010 1465 1046 1522 ad

132 1532 289 1624 Gortynios
304 1547 399 1614 venit,
415 1556 447 1602 ut
470 1545 519 1614 ibi,
534 1564 592 1620 quo
613 1564 643 1602 sa
665 1543 817 1612 conferret,
841 1543 1044 1602 consideraret.

132 1609 209 1672 Vidit
234 1631 339 1678 autem
357 1625 403 1680 vir
423 1624 551 1681 omnium
574 1623 785 1691 callidissimus,
801 1641 906 1698 magno
930 1641 961 1680 se
986 1621 1045 1680 fora
1066 1628 1085 1680 2

132 1694 270 1766 periculo,
287 1702 350 1758 nisi
374 1702 444 1777 qnid
468 1702 644 1778 providisset,
661 1711 775 1778 propter
801 1701 952 1760 avaritiam
977 1701 1043 1759 Cre-

132 1773 266 1832 tensium.
314 1779 457 1855 Magnam
472 1781 548 1839 euim
563 1799 663 1838 secum
684 1781 837 1855 pecuniam
857 1780 993 1856 portabat,
1008 1780 1043 1838 de

133 1865 189 1919 qua
203 1855 320 1915 sciebat
332 1861 427 1916 exisse
443 1859 559 1915 famam.
602 1859 702 1933 Itaque
718 1859 794 1935 cupit
808 1858 865 1915 tale
880 1859 1040 1916 consilium.
1064 1864 1082 1916 8

134 1926 302 2005 Amphorus
329 1937 493 2012 complures
507 1937 629 2013 complet
643 1936 761 2012 plumbo
771 1955 779 2007 ;
801 1955 929 1994 summas
952 1939 1043 2014 operit

135 2021 203 2092 {turo
217 2021 246 2068 et
262 2026 397 2090 argento.
441 2015 513 2084 Hae,
528 2016 716 2090 praesentibus
731 2015 915 2092 principibus,
930 2016 1043 2091 deponit

136 2099 163 2137 m
177 2092 286 2166 templo
301 2093 415 2163 Diauae,
427 2095 576 2162 simulans,
587 2113 617 2150 se
628 2113 697 2150 suas
712 2092 839 2151 fortunas
853 2094 967 2151 illorum
977 2095 1043 2151 fidei
1092 2136 1095 2144 .

136 2165 263 2226 credere.
310 2171 366 2229 His
380 2173 409 2228 in
424 2191 552 2229 errorem
574 2172 707 2240 inductis,
722 2181 831 2229 statuas
852 2191 956 2242 aeneas,
971 2191 1044 2248 quas

138 2258 235 2304 secum
251 2251 392 2325 portabat,
408 2270 507 2308 omnes
522 2269 575 2308 sua
598 2251 722 2325 pecunia
736 2251 867 2326 complet,
882 2270 988 2326 easque
1013 2251 1043 2307 iu

138 2330 287 2399 propatulo
304 2329 380 2386 domi
395 2330 502 2404 abjicit.
546 2330 679 2404 Gortynii
698 2329 836 2404 templum
851 2348 957 2406 magna
971 2347 1042 2386 cura
1064 2333 1083 2386 4

138 2405 312 2485 custodiunt,
328 2425 384 2465 non
410 2417 468 2466 tam
491 2409 634 2477 acetaris,
657 2427 744 2482 quam
760 2409 796 2464 ab
818 2405 992 2475 Hannibale,
1007 2425 1044 2464 ne

139 2475 194 2548 ille,
209 2484 401 2542 inscientibus
415 2487 468 2556 his,
483 2486 595 2544 tolleret
609 2505 767 2560 secumque
781 2486 910 2542 duceret.

177 2557 212 2616 X.
237 2565 299 2633 Sic,
324 2567 502 2623 conservatis
516 2565 576 2622 suis
600 2565 694 2634 rebus,
720 2565 835 2633 Poenus,
862 2563 955 2621 illusis
976 2561 1044 2620 Cre·
1067 2567 1081 2620 1

139 2641 267 2698 teusibus
295 2645 437 2713 omnibus,
467 2645 501 2700 ad
536 2644 668 2700 Prusiam
696 2645 726 2699 in
755 2642 876 2699 Pontum
904 2643 1042 2717 pervenit.

140 2714 226 2790 Apud
242 2739 328 2795 quem
344 2722 442 2779 eodem
458 2723 553 2780 animo
568 2722 621 2779 fuit
635 2741 705 2798 erga
719 2721 842 2789 Italiam,
858 2738 951 2794 neque
966 2720 1045 2777 aliud

139 2796 296 2873 quidquam
312 2801 380 2876 egit,
395 2819 484 2876 quam
498 2819 596 2877 regem
611 2802 735 2858 armavit
748 2809 776 2856 et
797 2799 929 2856 exercuit
944 2799 1043 2856 adver-

140 2889 188 2931 sus
209 2877 367 2935 Romanos,
409 2880 506 2945 Quem
531 2899 622 2954 quum
637 2879 748 2936 videret
771 2878 934 2935 domesticis
958 2879 1044 2935 rebus
1064 2881 1083 2936 2

141 2953 235 3012 miuus
249 2976 312 3013 esse
334 2959 492 3027 robustum,
508 2958 681 3014 conciliabat
705 2967 816 3014 ceteros
836 2975 927 3033 reges,
944 2957 1043 3032 adjun-

43 3059 46 3068 ·
141 3033 282 3109 gebatque
308 3036 460 3093 bellicosas
482 3037 622 3093 nationes.
664 3034 827 3092 Dissidebat
842 3035 925 3092 abeo
939 3035 1043 3111 Perga-

141 3125 242 3169 menus
256 3131 317 3182 rex,
333 3114 490 3183 Eumenes,
508 3114 645 3172 Romanis
660 3115 861 3182 amicissimus,
878 3113 1043 3188 bellumque
1116 3179 1120 3187 ,

140 3186 213 3247 iuter
227 3211 276 3248 eos
289 3194 445 3268 gerebatur
454 3203 482 3250 et
497 3194 569 3250 mari
585 3203 612 3250 et
626 3201 721 3249 terra:
743 3211 800 3267 quo
810 3192 901 3266 magis
910 3192 1044 3266 cupiebat

141 3285 207 3324 cum
232 3269 381 3327 Hannibal
397 3273 528 3347 opprimi.
570 3271 627 3328 Sed
652 3271 803 3345 utrobique
817 3269 965 3327 Eumenes
980 3272 1044 3347 plus
1064 3276 1082 3329 a

140 3347 253 3404 valebat
268 3359 383 3424 propter
398 3349 593 3407 Romanorum
608 3349 791 3406 societatem:
813 3367 900 3423 quem
915 3349 939 3406 si
954 3367 1042 3408 remo·

140 3426 235 3495 visset,
252 3426 384 3484 faciliora
398 3429 452 3484 sibi
466 3439 564 3486 cetera
579 3427 648 3484 sore·
659 3427 860 3484 arbitrabatur.
904 3427 951 3483 Ad
966 3429 1044 3486 hunc

139 3502 371 3570 interficiendum
387 3506 475 3563 talem
489 3507 551 3563 iniit
565 3505 715 3562 rationem.
756 3505 856 3562 Classe
871 3505 971 3580 paucis
985 3506 1042 3563 die·
1065 3510 1083 3562 4

140 3581 192 3639 bus
206 3593 291 3640 eraut
306 3581 460 3640 decreturi.
497 3584 695 3660 Superabatur
711 3586 829 3642 navium
843 3583 1043 3640 multitudine:

140 3658 202 3717 dolo
216 3671 281 3718 erat
301 3661 499 3737 pugnandum,
514 3681 605 3738 quum
626 3679 678 3736 par
692 3681 748 3720 non
762 3673 837 3720 esset
851 3661 948 3716 armis.
989 3660 1044 3718 Im-

140 3740 252 3812 peravit
266 3757 355 3815 quam
369 3740 508 3817 plurimas
516 3749 673 3798 venenatas
680 3749 827 3816 serpentes
841 3737 923 3794 vivas
936 3737 1043 3812 colligi,
