2610 4310
350 357 390 420 ll.
428 365 457 432 6,
475 363 504 418 7.
541 353 803 434 (Themistocles.)
990 357 1028 414 17

116 519 167 577 rat,
185 487 305 564 bidem
331 503 427 562 minus
451 501 554 560 diebus
578 503 694 576 triginta
717 503 747 560 in
770 501 871 558 Asiam
895 517 1029 556 reversus

117 599 161 642 est
175 605 275 660 seque
292 603 309 640 a
323 583 524 652 Themistocle
538 601 596 637 nen
616 593 789 654 superatum,
805 579 857 634 sed
877 595 1030 634 conserve·

115 673 175 722 tum
192 663 353 740 judicavit.
379 661 529 718 Sic'unius
544 659 597 716 riri
612 660 763 734 prudentia
780 659 894 716 Gracia
909 657 1030 714 liberata
1051 657 1069 713 3

116 753 170 813 est,
194 744 387 816 Europaeque
409 740 560 796 succubuit
575 740 655 796 Asia.
698 739 771 796 Haec
794 738 883 794 altera
901 737 1030 805 victoria,

115 841 177 896 quae
199 841 274 878 eum
297 819 478 877 Marathonio
500 820 594 893 possit
617 817 776 894 comparari
796 827 913 891 tropeo.
955 815 1031 870 Nam

114 902 178 974 pari
193 900 288 956 modo
300 899 374 973 apud
390 898 538 954 Salamina
551 912 639 972 parvo
650 916 769 953 numero
781 896 896 952 narium
906 893 1032 950 maxime

113 991 182 1052 post
195 978 352 1035 hominum
366 977 533 1033 memoriam
548 974 654 1030 classis
670 986 714 1030 est
728 975 851 1030 devicta.

104 1061 108 1069 ”
128 1083 133 1095 ·
154 1058 213 1114 VI.
240 1057 368 1130 Magnus
379 1056 436 1112 hoc
448 1056 525 1112 bello
534 1053 750 1110 Themistocles
763 1053 823 1120 luit,
832 1071 886 1108 nee
898 1051 990 1107 minor
1002 1049 1032 1106 in
1055 1053 1068 1108 l

114 1153 203 1209 pace.
233 1137 334 1202 Quum
345 1135 423 1190 enim
435 1132 589 1190 Phalerico
601 1143 797 1205 portu‚neque
809 1149 912 1204 magno
973 1159 1010 1199 473

114 1233 215 1290 neque
237 1217 326 1282 bono,
345 1213 540 1269 Athenienses
559 1221 722 1266 uterentur:
746 1208 830 1282 hujus
846 1227 913 1264 con·
950 1209 1034 1247 ΒΜ·

116 1293 186 1349 silio
200 1295 315 1368 triplex
330 1292 452 1349 Piraei*
467 1301 565 1364 portus
581 1287 751 1344 constitutus
767 1297 821 1354 est,
836 1285 918 1360 isque
933 1285 1033 1342 morni-

33 1371 34 1380 ’
116 1372 171 1428 bus
188 1372 399 1439 circumdatus,
414 1379 445 1425 ut
461 1367 554 1442 ipsam
568 1368 668 1422 urbem
683 1366 820 1439 dignitate
837 1363 1033 1438 aequipararet,

118 1451 248 1508 utilitate
265 1459 425 1524 superaret.
468 1446 550 1502 Idem
564 1463 659 1500 muros
675 1443 896 1507 Atheniensium
911 1441 1034 1498 restituit
1053 1445 1072 1496 2

117 1532 275 1605 praecipuo
287 1527 418 1602 periculo
430 1542 492 1582 suo.
535 1524 667 1598 Namque
681 1521 905 1591 Lacedaemonii,
918 1537 1035 1576 causam

118 1606 264 1666 idoneam
293 1605 372 1662 nacti
398 1614 514 1679 propter
541 1604 722 1660 barbarorum
752 1602 951 1670 excursiones,
979 1617 1036 1676 que

118 1697 279 1762 negarent,
302 1693 433 1760 oportere
460 1695 540 1740 extra
565 1683 801 1758 Peloponnesum
824 1683 912 1738 ullam
936 1681 1035 1742 urbem

118 1763 248 1832 habere,
262 1785 300 1820 ne
316 1775 416 1820 essent
432 1763 497 1820 loca
511 1763 628 1831 munita,
643 1781 706 1837 quie
726 1762 826 1819 hostes
841 1760 1034 1838 possiderent,

120 1843 329 1902 Athenienses
352 1843 529 1900 edificantes
555 1842 706 1918 prohibere
732 1851 798 1898 sant
821 1841 926 1920 eonati.
968 1839 1034 1895 Hoc
1056 1837 1074 1892 ³

119 1921 213 2000 longe
230 1923 287 1978 alio
298 1924 455 1998 spectabat,
468 1929 552 1995 atque
562 1921 653 1976 videri
661 1919 807 1976 volebant.
837 1919 1035 1982 Athenienses

121 2003 206 2059 enim
223 2002 333 2058 duabus
347 2000 486 2069 victoriis,
502 1999 685 2056 blarathonia
700 2011 728 2056 et
747 1999 914 2067 Salaminia,
928 2007 1036 2052 tantam

123 2080 252 2154 gloriam
268 2080 342 2156 apud
356 2099 456 2136 omnes
472 2093 573 2154 gentes
587 2087 666 2134 erant
678 2077 838 2146 consecuti,
848 2089 879 2134 ut
892 2063 1036 2150 intellige-

122 2172 191 2216 rent
209 2159 434 2228 Lacedaemenii‚
449 2159 485 2214 de
500 2159 661 2232 principatu
676 2158 731 2213 sibi
746 2175 812 2212 cunr
829 2156 874 2213 his
890 2166 1037 2212 certamen

124 2237 200 2296 lere.
246 2241 343 2304 Quare
373 2257 424 2294 eos
449 2257 535 2313 quem
561 2235 773 2294 infirmissimos
802 2255 870 2292 esse
892 2235 1076 2292 volebantl

125 2317 289 2394 Postquain
325 2329 420 2376 auteur
454 2319 612 2384 audierunt,
647 2334 743 2372 muros
779 2315 890 2383 instrui,
923 2314 1037 2387 legatos

126 2397 263 2454 Athenas
278 2398 426 2466 miserunt,
441 2398 487 2472 qui
508 2397 538 2452 id
558 2395 620 2452 lieri
635 2406 776 2452 vetarent.
818 2394 875 2450 His
890 2391 1038 2466 praesenti-

126 2473 183 2532 bus
200 2478 357 2546 desierunt,
373 2495 406 2532 ee
423 2497 455 2532 se
471 2475 507 2531 de
523 2495 558 2530 ea
574 2493 606 2530 re
628 2475 741 2546 legatos
765 2473 801 2528 ad
823 2491 875 2528 eos
897 2470 1037 2526 missuros

126 2553 274 2612 dixerunt.
317 2555 403 2610 Hanc
426 2553 602 2624 legationem
624 2551 754 2622 suscepit
768 2547 995 2614 Themistocles
1011 2551 1077 2602 οἰδ

127 2634 212 2690 solus
227 2625 319 2705 primo
334 2627 480 2702 profectus
495 2637 558 2694 est;
580 2627 683 2698 reliqui
697 2627 786 2698 legati
800 2636 903 2681 uttam
917 2625 1039 2694 exirent,

127 2730 221 2785 quum
236 2708 307 2762 satis
325 2705 443 2760 altitudo
461 2705 535 2758 muri
555 2714 701 2759 exstructa
713 2704 867 2772 rideretur,
883 2702 1037 2779 pracepit3

127 2788 248 2844 interim
264 2801 375 2850 omneS,
390 2783 466 2839 serri
485 2793 568 2858 atque
589 2781 683 2850 liberi,
696 2799 769 2858 opus
792 2783 929 2855 lacerent,
944 2803 1038 2859 neque

128 2865 185 2924 ulli
209 2865 275 2922 loeo
297 2875 458 2938 parcerent,
474 2863 535 2919 sive
552 2879 645 2931 sacer,
659 2863 721 2920 sive
744 2863 889 2940 profanae,
904 2866 966 2922 sive
982 2864 1038 2941 pri·

129 2955 216 3002 vetus
241 2957 329 3014 esset,
348 2944 416 3006 sive
438 2943 581 3020 publicus,
605 2953 634 3001 et
655 2944 791 3020 undique,
805 2943 880 3021 quod
903 2945 1037 3002 idoneum

131 3023 171 3080 ad
185 3026 369 3082 muniendum
383 3037 524 3102 pute-rent,
540 3036 739 3100 congererent.
782 3025 847 3091 Quo
863 3025 1038 3093 factumest,

130 3103 470 3166 utAtheniensiummuri
480 3123 517 3162 ex
526 3104 645 3162 sacellis
655 3104 1037 3178 sepulcrisqueeonstarent.

36 3229 37 3266 q
118 3173 244 3274 4V11.
266 3183 483 3242 Themistocles
506 3196 611 3252 autem,
633 3193 664 3238 ut
688 3183 929 3256 Lacedaemonem
951 3181 1038 3251 venit,
1062 3185 1076 3237 l

133 3261 214 3318 adire
226 3263 262 3318 ad
273 3264 454 3336 magistratus
466 3262 565 3329 noluit,
575 3271 604 3316 et
615 3260 694 3316 dedit
704 3279 830 3334 operam,
841 3272 872 3316 ut
882 3279 966 3336 quam
978 3261 1039 3317 lon·

134 3341 255 3416 gissime
267 3351 379 3413 tempus
391 3341 518 3407 duceret,
531 3353 648 3396 causam
659 3337 855 3413 interponens,
866 3359 898 3396 se
911 3341 1039 3414 collEgas

135 3431 317 3495 exspectare,
328 3435 413 3493 quum
424 3416 638 3474 Lacedaemonii
649 3430 845 3492 quererentur,
854 3437 926 3494 opus
935 3419 1039 3475 nihilo·
1099 3453 1100 3456 =

134 3499 230 3556 miuus
252 3498 325 3566 fieri,
349 3514 470 3570 eumque
493 3495 575 3552 inea
593 3515 624 3552 re
645 3498 744 3557 conari
766 3497 878 3554 tallere.
920 3497 1040 3554 Interim
1059 3499 1078 3553 2

135 3577 240 3654 reliqui
256 3577 345 3653 legati
359 3580 425 3632 sunt
440 3574 600 3632 consecuti.
642 3575 669 3631 Α
683 3575 785 3651 quibus
800 3595 887 3652 quum
901 3576 1043 3646 audisset,—

136 3673 193 3714 non
212 3657 330 3716 multum
344 3671 500 3732 superesse
518 3654 695 3724 munitionis,
710 3655 746 3712 ad
761 3655 886 3732 ephoros
902 3653 1040 3713 Lacedae·

427 3761 429 3766 ·
503 3747 708 3806 *rimasset

581 3814 617 3871 20
