2608 4300
397 401 472 464 XII.
498 385 523 474 l,
541 410 569 478 2,
586 410 615 464 3.
661 402 851 481 (Chabrias.)
1029 409 1070 468 49

178 553 181 558 '
206 550 232 608 1.
275 548 429 616 Chabriae,
445 547 657 608 Atheniensis·
683 549 741 606 Hic
766 567 877 622 quoque
901 549 932 606 in
952 549 1072 608 summis
1095 555 1109 609 1

167 626 281 684 habitus
293 637 340 684 est
349 627 479 696 ducibus,
489 645 591 700 resque
600 628 702 684 multas
711 627 848 684 memoria
857 627 959 702 dignas
970 629 1071 703 gessit.

170 707 231 763 Sed
242 724 280 762 ex
287 705 334 761 his
345 704 442 761 elucet
450 705 572 760 maxime
582 704 727 760 inventum
733 706 794 780 ejus
804 705 834 761 in
842 706 951 780 praelis,
1019 732 1057 771 m

119 857 120 860 Ἴ
168 784 244 858 quod
259 783 334 858 apud
355 783 474 838 Thebas
489 782 568 850 fecit,
582 787 675 855 quum'
687 783 805 840 Boeotiis
823 784 951 840 subsidio
985 791 1005 822 ⁸·
1017 781 1041 822 ⁰·
1054 791 1069 820 ¹²

167 861 310 918 venisset.
353 861 486 932 Namque
513 861 543 916 in
558 879 593 915 eo
607 861 725 926 victeria
746 861 850 930 fidente
872 877 981 920 summo
995 863 1070 920 duce
1090 867 1109 918 2

170 940 319 1014 Agesilae,
328 937 504 1014 fugatisjam
514 939 549 994 ab
559 933 784 996 eo'conductitiis
793 933 1072 1015 catervisreliquam
1161 949 1171 970 ¹

168 1006 345 1094 phalangem
368 1018 435 1072 loco
455 1017 546 1072 vetuit
567 1002 682 1085 cedere,
704 1017 861 1094 obnixoque
883 1038 959 1094 genu
979 1029 1071 1087 scuto,

169 1097 300 1172 projecta
323 1093 407 1150 hasta
426 1095 575 1169 impetum·
588 1094 724 1170 excipere
747 1094 872 1152 hostium
892 1096 997 1154 docuit.
1037 1097 1072 1154 ld

169 1193 276 1230 nevum
284 1171 440 1248 Agesilaus
456 1169 595 1230 contueris
610 1173 745 1247 progredi
758 1185 872 1230 nonest
885 1185 980 1244 ausus,
992 1192 1072 1230 suos·

170 1271 226 1324 que
238 1253 298 1327 jam
313 1251 492 1307 incurrentes
506 1253 573 1307 tuba
587 1251 743 1307 revocavit.
786 1251 954 1324 Hucusque
970 1269 1006 1308 eo
1017 1261 1074 1308 tota
1094 1255 1111 1308 3

163 1331 287 1386 Graecia
308 1329 383 1384 sama
398 1329 571 1385 celebratum
587 1339 641 1398 est,
655 1341 686 1385 ut
705 1329 756 1386 illc
771 1339 845 1386 statu
860 1327 1000 1386 Chalirias
1020 1330 1075 1386 sibi

137 1417 148 1439 -’
171 1419 293 1464 statuam
306 1407 370 1463 fieri
383 1407 515 1476 voluerit,
535 1427 596 1482 quie
618 1408 734 1481 publice
750 1409 778 1464 ei
799 1408 834 1463 ub
849 1406 1074 1464 Atheniensibus

171 1487 202 1542 in
227 1486 288 1542 foro
312 1485 466 1542 constituta
480 1496 533 1542 est.
574 1486 622 1542 Ex
644 1504 699 1558 quo
723 1485 897 1553 factumest,
920 1495 951 1542 ut
974 1495 1076 1560 postea

171 1565 285 1622 athlete
296 1564 444 1636 ceterique
454 1565 576 1621 artifices
588 1564 633 1620 his
643 1565 762 1622 statibus
777 1565 808 1621 in
817 1563 917 1630 statuis
931 1563 1073 1638 ponendis

170 1645 329 1710 uterentur,
343 1643 445 1714 quibus
457 1643 603 1698 victoriam
617 1653 717 1700 esseut
730 1642 837 1717 adepti.

212 1722 253 1778 ΙΙ.
270 1719 418 1777 'Chabrias
430 1731 524 1776 sutem
534 1721 620 1777 multa
633 1721 663 1777 in
678 1721 795 1797 Europa
808 1721 884 1778 bella
895 1719 1073 1778 administra·
1096 1723 1109 1778 1

171 1800 221 1867 vit,
235 1817 322 1872 quum
335 1795 393 1854 dux
405 1797 627 1866 'Atheniensium
651 1811 746 1868 esset;
771 1799 802 1856 in
823 1801 952 1874 AEgypto
1013 1823 1051 1862 eea

171 1897 226 1933 sua
246 1887 347 1950 sponte
374 1875 475 1950 gessit.
527 1876 603 1932 Nam
625 1877 805 1944 Nectenebin
829 1879 965 1954 adjutum'
990 1883 1010 1912 ²·
1019 1874 1043 1912 ⁰·
1052 1883 1073 1912 ¹¹·

171 1955 328 2030 profectus,
354 1972 475 2028 regnum
502 1955 533 2010 ei·
555 1955 708 2012 constituit.
762 1957 846 2012 Fecit
868 1957 946 2013 idem
971 1954 1110 2029 Cypri,2

172 2033 227 2090 sed
247 2034 361 2107 publice
383 2035 417 2088 ab
432 2025 658 2090 Atheniensibus
672 2035 823 2108 ‘Evagorae
846 2035 955 2110 adjutor
992 2064 1055 2113 [tert

172 2113 274 2180 datus3
295 2115 388 2184 neque
410 2111 579 2186 prius-inde
602 2111 748 2181 discessit,
760 2123 846 2189 quem
867 2123 954 2170 totam
979 2112 1073 2161 ⁸·⁰·1¹·l

173 2191 297 2246 insulam
310 2190 386 2258 bello
401 2189 585 2246 devinceret:
613 2211 666 2264 qua
682 2209 719 2246 ex
738 2209 769 2246 re
785 2189 980 2246 Athenienses
994 2209 1072 2265 mag·

172 2287 240 2324 nam
261 2269 380 2342 gloriam
394 2278 460 2324 sunt
483 2268 589 2343 adepti.
631 2269 749 2325 Interim
762 2269 868 2325 bellum
882 2268 955 2324 inter
1005 2299 1040 2338 ter
1094 2271 1111 2323 3

174 2347 332 2421 AEgyptios
348 2357 376 2402 et
391 2347 497 2403 Persas
513 2347 728 2422 conflatumest'.
758 2347 953 2403 Athenienses
978 2357 999 2386 θ’
1015 2347 1040 2386 ⁰·
1052 2357 1073 2386 ¹¹·

173 2445 241 2481 erun
249 2427 405 2480 Artaxerxe
416 2426 584 2482 societatem
594 2425 758 2506 habebant5
780 2423 1075 2482 Lacedaemenii·cum

173 2503 332 2577 AEgyptiis‚
361 2521 378 2559 a
408 2503 508 2577 quibus
536 2523 654 2578 magnas
688 2504 799 2577 praedas
828 2503 993 2576 Agesilaus
1023 2517 1075 2556 rex

174 2600 282 2656 eorum,¹
297 2581 427 2638 liciebat.
469 2579 502 2636 ld
514 2583 628 2636 intuens
644 2580 794 2648 Chabrias,
809 2597 893 2652 quum
908 2579 938 2634 in
951 2595 982 2634 re
996 2579 1075 2634 nulla

174 2660 312 2733 Agesilae
337 2660 463 2727 cederet,
491 2677 543 2714 sua
574 2669 675 2731 sponte
705 2675 755 2712 cos
782 2657 906 2731 adjutum
929 2655 1074 2730 prefectus
1097 2715 1101 2727 .

174 2735 321 2812 AEgypti'ae
336 2736 425 2793 classi
439 2737 559 2810 praesuit,
574 2734 755 2809 pedestribus
770 2734 861 2807 copiis
877 2727 1040 2807 Agesilaus.

165 2857 188 2875 s.
214 2817 270 2872 Ill.
310 2817 387 2872 Tum
411 2815 540 2888 prefecti
564 2811 641 2886 regis
668 2812 777 2869 Persiae
799 2813 909 2886 legates
936 2812 1107 2871 miseruntl

175 2887 303 2950 Athenas
337 2905 478 2967 questum,
513 2891 588 2965 qued
623 2889 765 2962 Chabrias
800 2890 949 2946 adversum
975 2909 1074 2966 regem

173 2973 280 3028 bellum
288 2981 403 3046 gereret
415 2988 480 3025 cum
491 2969 649 3046 AEgyptiis.
672 2967 867 3028 Athenienses
878 2970 956 3025 diem
967 2981 1074 3026 certem

174 3049 306 3106 Chabriae
320 3049 539 3122 praestituerunt,
554 3051 639 3122 quani
651 3059 716 3104 ante
732 3047 845 3105 domum
864 3047 922 3104 nisi
939 3047 1072 3116 redisset,

173 3128 277 3202 capitis
306 3147 339 3182 se
367 3127 447 3184 illum
473 3121 653 3184 damnaturos
681 3127 890 3182 denuntiarunt.
932 3123 998 3180 Hoc
1021 3125 1071 3182 ille

171 3206 272 3262 nuntio
296 3204 426 3260 Athenas
450 3205 543 3274 rediit,
567 3224 661 3278 neque
685 3204 726 3260 ibi
747 3203 853 3260 diutius
875 3212 920 3258 est
938 3213 1072 3272 moratus,

171 3301 256 3356 quam
269 3282 323 3339 suit
336 3301 471 3340 necesse.
512 3283 579 3338 Non
592 3283 668 3338 enim
680 3283 805 3338 libenter
818 3292 878 3337 erat
892 3289 957 3336 ante
971 3281 1071 3337 oculos
1091 3285 1110 3336 2

172 3359 279 3416 civium
302 3378 433 3418 suorum:
463 3361 539 3434 quod
563 3370 591 3416 et
615 3361 728 3416 vivebat
750 3359 836 3428 laute,
861 3370 890 3416 et
908 3357 1073 3432 indulgebat

171 3439 229 3496 sibi
242 3439 401 3508 liberalius
415 3458 499 3512 quam
516 3450 547 3494 ut
561 3439 698 3494 invidiam
711 3438 789 3512 vulgi
812 3446 913 3512 posset
933 3435 1071 3516 effugere.

170 3519 229 3577 Est
254 3518 331 3574 enim
358 3517 414 3573 hoc
439 3535 587 3573 commune
608 3516 708 3572 vitium
731 3516 761 3571 in
783 3515 895 3589 magnis
917 3511 1071 3582 liberisque
1093 3515 1111 3568 3

171 3595 348 3664 civitatibus,
359 3607 389 3652 ut
397 3595 505 3650 invidia
519 3595 615 3668 gloriae
631 3612 728 3650 comes
742 3594 789 3661 sit,
801 3603 830 3648 et
843 3592 966 3648 libenter
979 3586 1073 3673 dehis

170 3673 332 3742 detrahant,
354 3693 426 3746 quos
448 3673 574 3728 eminere
594 3671 709 3728 videant
733 3671 836 3736 altius3
855 3669 954 3736 'neque
979 3680 1074 3722 ammo

169 3771 253 3828 teque
272 3770 417 3828 pauperes
433 3751 557 3806 alienam
570 3749 746 3823 epulantium
766 3747 911 3802 intuuntur
923 3739 1074 3796 fortunam,

346 3851 351 3858 ·
650 3831 668 3880 5
