2710 4300
296 369 421 436 XXV.
471 377 520 445 te,
533 375 583 436 20.
630 367 682 453 (T.
695 367 1055 453 Pomponiuadtticua)
1082 377 1141 438 107

206 525 358 589 virorum,
379 527 557 604 propagines
580 525 723 601 possimus
747 541 782 582 co
821 541 932 582 cacare.
982 521 1066 584 Fecit
1089 523 1183 584 hooit

204 602 288 659 idern
304 607 476 680 separatim
491 608 521 664 in
536 606 601 664 aliis
615 604 714 661 libris:
737 613 769 660 ut
819 602 926 662 ‚Bruti
942 613 1045 680 rogatu
1059 603 1142 663 Juni-

202 699 255 738 am
271 682 429 742 familiam
443 704 463 742 a
473 687 561 762 stirpe
571 682 607 743 ad
621 683 697 740 hauc
707 691 820 740 aetatem
834 683 934 742 ordine
946 684 1141 756 enumeravit,

205 771 331 832 notans,
348 764 415 840 qui,
431 782 450 820 a
473 783 530 840 quo
543 773 632 832 ortus,
648 781 721 838 quos
739 755 870 831 honored,
885 763 1048 838 quibusque
1071 771 1141 822 tem·

203 841 335 914 poribus
353 844 497 919 cepisset·
536 844 604 902 Pari
626 841 710 898 modo
725 839 860 898 Marcelli
874 841 999 912 Claudii,
1016 841 1141 900 Marcel·
1163 845 1182 900 4

203 919 334 994 lorum3
362 921 512 998 Scipionis
529 921 656 981 Cornelii
677 930 706 978 et
727 919 812 978 Fabii
837 919 968 990 Maximi,
984 921 1141 980 Fabiorum

203 1006 235 1054 et
262 999 467 1059 AEmiliorum
488 1019 620 1078 quoque:
641 999 748 1076 quibua
773 998 854 1058 libris
867 999 940 1058 nihil
963 1009 1055 1075 potest
1078 1018 1142 1060 esse

205 1075 340 1136 dulcius
356 1081 403 1150 iis,
418 1081 470 1155 qui
493 1081 621 1158 aliquam
635 1077 823 1154 cupiditatem
838 1079 945 1138 habent
959 1078 1068 1138 notitiae
1082 1077 1141 1136 cla·

208 1173 321 1214 rorurn
351 1160 492 1218 virorum.
535 1159 643 1235 Attigit
667 1175 782 1234 quoque
805 1157 954 1234 poeticen:
985 1157 1181 1228 eredimus,b

207 1251 248 1291 ne
264 1236 341 1310 ejus
355 1255 461 1314 expers
475 1249 550 1296 esset
570 1237 732 1295 suavitatis.
775 1235 913 1312 Namque
929 1238 1069 1306 versibus,
1091 1237 1142 1312 qui

208 1312 331 1373 honore
348 1335 506 1394 rerumque
520 1327 668 1395 gestarum
683 1314 873 1392 amplitudine
888 1326 1000 1374 ceteros
1017 1315 1142 1374 Romani

209 1394 321 1468 populi
337 1397 542 1470 praestiterunt,
552 1395 684 1472 exposuit
698 1396 747 1464 ita,
764 1404 795 1454 ut
808 1394 863 1452 sub
874 1395 1055 1471 singulorum
1069 1395 1139 1453 ima·
1160 1396 1180 1451 θ

210 1472 342 1546 ginibus
368 1473 447 1532 secte
467 1477 712 1554 magistratusque
727 1491 828 1531 eorum
852 1491 910 1530 non
924 1473 1049 1549 amplius
1071 1491 1140 1549 qua·

211 1553 313 1609 ternis
334 1554 469 1628 quinisve
484 1555 616 1612 versibus
636 1552 838 1628 descripserit:
860 1551 936 1629 quod
951 1553 999 1608 vix
1022 1551 1140 1610 creden-

214 1627 292 1687 dum
309 1631 356 1702 sit,
372 1641 468 1690 tantas
482 1651 528 1690 res
541 1643 601 1691 tam
616 1633 743 1689 breviter
757 1632 882 1707 potuisse
897 1630 1051 1689 declarari.
1086 1629 1140 1688 Est

214 1709 313 1766 etiam
335 1729 413 1769 unus
433 1711 517 1782 liber,
532 1712 638 1770 Graece
657 1710 817 1779 confectus,
832 1710 868 1768 de
883 1709 1037 1768 consulatu
1057 1709 1140 1768 Cice·

216 1801 314 1848 ronrs.

263 1867 349 1926 XIX.
373 1867 525 1928 Hactenus
542 1869 639 1928 A'ttico
654 1870 720 1926 vivo
734 1867 811 1925 edita
825 1867 917 1944 [haec]
935 1887 952 1926 a
966 1868 1048 1926 nobis
1061 1878 1139 1927 sunt.
1162 1871 1177 1926 1

218 1943 252 2001 N
255 1965 327 2017 unc,
350 1949 487 2023 quoniam
511 1949 626 2007 fortuna
647 1967 700 2005 nos
722 1947 889 2023 superstites
904 1948 931 2004 ei
953 1967 1017 2006 esse
1039 1947 1139 2019 voluit,

220 2025 340 2102 reliqua
362 2045 579 2104 persequemur,
602 2037 642 2097 et,
663 2035 805 2102 quantum
827 2027 1014 2102 potuerimus,
1041 2045 1140 2085 rerum

220 2105 367 2180 exemplis
381 2106 502 2164 lectores
516 2107 692 2176 docebimus,
708 2106 784 2162 sicut
797 2122 885 2181 supra
899 2106 1138 2182 significavimus,

220 2201 294 2240 suos
323 2184 431 2259 cuique
459 2203 555 2242 mores
588 2185 761 2262 plerumque
789 2185 946 2242 conciliare
982 2184 1137 2243 fortunam.

223 2259 364 2338 Namque
384 2264 431 2322 hic
453 2274 605 2323 contentus
624 2264 724 2321 ordine
744 2264 880 2338 equestri,
896 2282 952 2337 quo
966 2275 1029 2323 erat
1049 2273 1138 2333 ortus,
1160 2268 1180 2320 2

223 2339 257 2396 in
266 2340 440 2399 'affinitatem
455 2343 585 2418 pervenit
599 2343 780 2420 imperatoris
794 2341 862 2400 Divi
877 2343 947 2399 filii:
969 2361 1060 2418 quum
1077 2343 1139 2418 jam

225 2429 294 2476 ante
309 2419 535 2480 familiaritatem
550 2423 614 2499 ejus
628 2432 704 2480 essct
728 2432 903 2481 consecutus
927 2421 1010 2478 nulla
1024 2421 1083 2480 alia
1097 2440 1138 2491 re,
1201 2441 1204 2452 ·

225 2516 316 2573 quam
330 2499 475 2576 elegantia
489 2502 564 2571 vitae,
580 2520 638 2576 qua
652 2511 764 2558 ceteros
777 2510 895 2577 ceperat
910 2500 1054 2576 principes
1068 2499 1138 2558 civi-

226 2578 302 2646 tatis,
328 2577 467 2656 dignitate
492 2581 564 2656 pari,
590 2579 705 2638 fortuna
728 2579 893 2639 humiliore.
942 2577 1038 2636 Tanta
1060 2578 1178 2635 enim3

227 2659 400 2732 prosperitas
414 2658 559 2717 Caesarem
574 2669 617 2716 est
638 2670 802 2728 consecuta,
818 2669 850 2716 ut
872 2657 944 2715 nihil
969 2657 996 2714 ei
1019 2675 1076 2714 non
1090 2658 1138 2714 tri-

228 2735 322 2792 buerit
337 2734 460 2807 fortuna,
475 2737 551 2813 quod
566 2740 703 2814 cuiquam
719 2748 785 2795 aute
800 2736 944 2805 detulerit,
959 2745 987 2795 et
1001 2736 1137 2794 concilia-

228 2814 273 2884 rit,
288 2815 364 2890 quod
390 2834 474 2874 nemo
495 2816 591 2874 adhuc
606 2818 679 2874 civis
701 2816 850 2875 Romanus
874 2816 966 2892 quivit
988 2816 1136 2892 consequi.

228 2891 307 2951 Nata
321 2903 364 2951 est
384 2905 480 2952 autem
496 2896 595 2954 Attico
615 2897 708 2972 neptis
723 2915 759 2953 ex
774 2897 915 2973 Agrippa,
931 2895 980 2952 cui
996 2895 1139 2972 virginem
1159 2899 1178 2952 4

228 2971 318 3029 filiam
333 2973 500 3032 collocaret.
537 2975 623 3033 Hanc
638 2975 746 3045 Caesar,
762 2977 811 3032 vix
826 2975 1003 3044 anniculam,
1020 2973 1139 3032 Tiberio

227 3050 350 3110 Claudio
364 3052 485 3124 Neroni,
501 3053 634 3112 Drusilla
650 3063 726 3124 nate,
750 3055 883 3131 privigno
896 3071 958 3122 suo,
973 3051 1137 3128 despondit:

228 3148 292 3204 quae
307 3133 472 3208 conjunctio
486 3133 730 3192 necessitudinem
745 3152 846 3191 eorum
868 3132 972 3201 sanxit,
989 3130 1137 3191 familiari·

228 3218 313 3266 tatem
330 3211 451 3270 reddidit
466 3211 700 3289 frequentiorem.

190 3283 201 3292 ’
268 3288 334 3346 XX.
357 3290 501 3355 Quamvis
522 3303 588 3350 ante
609 3292 671 3348 lraeo
692 3291 837 3368 sponsalia
859 3309 915 3349 nou
929 3291 1032 3361 solum,
1047 3309 1138 3368 quum
1161 3294 1176 3347 l

228 3367 264 3422 ab
279 3369 351 3424 urbe
367 3370 488 3440 abesset,
503 3390 662 3446 numquam
678 3369 713 3426 ad
735 3388 854 3427 suorum
867 3389 1043 3447 quemquam
1064 3370 1137 3428 litte-

228 3463 274 3502 ras
289 3447 376 3516 misit,
400 3449 470 3523 quin
495 3450 597 3508 Attico
616 3451 750 3518 mitteret,
765 3449 833 3523 quid
856 3461 964 3526 ageret,
986 3449 1137 3526 imprimis,

227 3525 295 3597 quid
311 3526 430 3602 legeret,
445 3530 609 3604 quibusque
623 3529 652 3584 in
667 3529 747 3597 locis,
763 3537 792 3585 et
817 3547 904 3603 quarn
926 3524 976 3586 diu
990 3536 1065 3585 esset
1079 3545 1136 3582 mo-

227 3612 361 3661 raturus:
383 3606 433 3664 sed
454 3609 551 3678 etiam,
566 3627 657 3685 quum
669 3616 745 3664 esset
757 3607 788 3664 in
804 3607 884 3675 urbe,
899 3617 928 3664 et
942 3614 1056 3682 propter
1069 3623 1138 3660 suas
1158 3607 1177 3660 2

227 3680 355 3742 infinitas
376 3688 581 3762 occupationes
600 3687 697 3744 minus
713 3705 799 3763 saepe,
812 3703 901 3760 quam
916 3683 1015 3752 vellet,
1039 3682 1138 3740 Attico

229 3757 383 3834 frueretur,
408 3766 509 3823 nullus
530 3767 592 3824 dies
612 3775 721 3822 temere
745 3762 917 3828 intercessit,
942 3778 1000 3833 quo
1020 3777 1077 3816 non
1100 3759 1137 3814 ad
