2608 4300
183 317 185 320 ’
255 349 297 406 ee
477 341 566 404 xvi.
610 349 639 415 2,
655 349 684 403 a.
731 338 940 424 (Pelopidas.)

232 539 236 544 -
251 515 309 572 qne
324 494 457 554 factionis
470 495 614 571 prlncipes
628 494 731 571 partim
746 492 959 562 interfecerant,
975 491 1047 550 alios
1068 493 1100 549 in
1114 511 1162 550 ex-

252 575 350 632 silium
365 575 529 649 ejecerant:
550 575 581 630 in
601 573 708 648 quibus
729 572 880 648 Pelopidas
895 573 952 642 hic,
968 572 1004 628 de
1018 590 1077 647 quo
1091 572 1162 629 scri-

253 652 320 710 bere
335 653 430 711 exorsi
444 670 554 720 sumus,
571 652 671 727 pulsus
686 653 783 726 patria·
793 651 921 708 carebat.
974 696 976 704 ,

214 735 230 788 1
292 729 329 788 ΙΙ.
353 731 393 786 Hi
415 749 515 786 omnes
539 730 599 788 sere
614 730 745 789 Athenas
763 749 796 786 se
810 730 1002 797 contulerant,
1018 747 1087 797 non,
1103 747 1162 804 quo

252 819 442 884 sequerentur
456 809 555 878 otium,
571 808 621 865 sed
647 818 687 878 ut,
702 827 848 883 quemque
863 827 899 866 ex
921 809 1049 883 proximo
1063 807 1163 864 locum

212 891 232 944 2
253 886 310 944 sors
324 888 481 956 obtulisset,
491 906 525 943 eo
539 887 667 963 patriam¹
676 904 849 962 recuperare
863 887 1034 944 niterentur.
1059 885 1162 962 Itaque

252 984 344 1041 quum
364 976 477 1041 tempus
492 976 535 1023 est
550 967 645 1022 visum
660 966 702 1021 rei
726 964 870 1041 gerendae,
886 965 1077 1022 communiter
1092 983 1162 1021 cum

252 1044 306 1113 his,
330 1046 381 1120 qui
401 1044 511 1102 Thebis
535 1044 611 1102 idem
636 1045 804 1112 sentiebant,
831 1043 1103 1120 diem-delegerunt
1126 1042 1162 1099 ad

252 1123 384 1180 inimicos
410 1123 609 1199 opprimendos
636 1123 839 1196 civitatemque
874 1121 1053 1178 liberandam
1082 1141 1161 1190 eum,

195 1211 199 1220 ’
252 1220 309 1276 quo
331 1203 450 1259 maximi
473 1203 658 1279 magistratus
682 1201 767 1258 simul
796 1211 1006 1258 consueverant
1033 1201 1160 1276 epulari.

213 1283 232 1336 3
253 1279 370 1356 Magnae
384 1299 459 1356 saepe
481 1299 527 1337 res
541 1299 597 1337 non
611 1281 651 1336 ita
666 1280 779 1355 magnis
793 1281 883 1354 copiis
897 1290 964 1338 sunt
978 1290 1087 1354 gestae3
1111 1279 1162 1335 sed

252 1357 379 1434 profecto
393 1378 552 1435 numquam
567 1360 603 1416 ab
627 1368 687 1416 tarn
707 1359 787 1415 tenui
808 1359 890 1418 initio
905 1368 991 1415 tantae
1005 1377 1074 1433 opes
1094 1368 1162 1415 sunt

252 1438 421 1514 profligatae.
462 1437 541 1494 Nam
565 1437 717 1494 duodecim
742 1436 950 1494 adolescentuli
971 1437 1104 1493 coierunt
1124 1455 1162 1493 ex

252 1516 306 1585 his,
322 1517 372 1590 qui
386 1515 488 1574 exsilio
507 1527 589 1573 erant
610 1516 732 1583 multati,
747 1534 838 1590 quum
858 1516 973 1572 omnino
994 1533 1050 1571 non
1065 1524 1162 1571 essent

253 1595 377 1669 amplius
391 1605 517 1663 centum,
532 1595 583 1671 qui
605 1604 683 1651 tanto
704 1613 734 1674 se
749 1592 885 1651 offerrent
908 1593 1047 1670 periculo.
1091 1594 1162 1658 Qua

213 1676 232 1728 4
253 1674 397 1747 paucitate
421 1674 555 1748 perculsa
569 1683 612 1730 est
633 1672 920 1730 Lacedaemoniorum
941 1673 1076 1748 potentia.
1120 1671 1162 1728 Hi

252 1752 330 1807 enirn
345 1770 402 1808 non
424 1753 517 1828 magis
532 1751 765 1808 adversariorum
789 1751 915 1822 factioni,
940 1770 1028 1826 quam
1043 1750 1161 1825 Sparta·

252 1829 307 1898 nis,
322 1848 356 1889 ec
379 1838 505 1905 tempore
526 1830 634 1886 bellurn
658 1830 829 1899 intulerunt,
843 1831 894 1906 qui
919 1831 1064 1905 principes
1078 1839 1163 1886 erant

252 1907 339 1964 totius
363 1907 506 1980 Graeciae;
540 1927 663 1983 quorum
688 1909 800 1984 imperii
823 1909 968 1984 majestas,
997 1927 1093 1982 neque
1121 1909 1163 1965 ita

252 1985 344 2042 multo
368 1995 438 2061 post,
464 1985 622 2045 Leuctrica
646 2005 753 2064 pugna,
779 1988 815 2044 ab
838 1988 893 2044 hoc
914 1987 994 2043 initio
1015 1986 1160 2062 perculsa,

213 2067 231 2119 5
253 2063 386 2121 concidit.
428 2064 476 2121 illi
500 2066 588 2142 igitur
602 2065 762 2134 duodecim,
778 2085 901 2141 quorum
916 2075 978 2122 erat
999 2065 1058 2122 dux
1080 2065 1160 2121 Pelo-

252 2141 343 2217 pidas,
357 2161 449 2218 quum
464 2144 588 2200 Athenis
602 2143 726 2201 interdiu
742 2146 877 2214 exissent,
893 2154 924 2201 ut
939 2152 1161 2220 vesperascente

252 2220 328 2277 coelo
342 2219 460 2278 Thebas
481 2233 595 2297 possent
615 2224 775 2298 pervenire,
791 2241 858 2280 curn
880 2224 1002 2280 canibus
1020 2223 1162 2280 venaticis

251 2299 393 2367 exierunt,
410 2301 482 2356 retia
497 2299 629 2370 ferentes,
646 2303 749 2358 vestitu
765 2303 881 2378 agresti,
896 2320 953 2377 quo
974 2302 1084 2358 minore
1099 2320 1160 2358 sus-

252 2378 365 2454 picione
391 2377 518 2436 facerent
543 2380 607 2436 iter.
658 2380 719 2444 Qui
741 2399 831 2455 quum
856 2391 982 2456 tempore
1008 2381 1077 2455 ipsc,
1104 2399 1161 2454 quo

251 2456 430 2537 studuerant,
446 2459 652 2534 pervenissent,
668 2458 784 2515 domum
806 2459 949 2516 Charonis
969 2458 1159 2528 devenerunt,

253 2555 270 2592 a
284 2555 342 2610 qno
356 2545 384 2594 et
397 2545 511 2612 tempus
526 2546 554 2594 et
567 2535 628 2593 dies
642 2547 704 2594 erat
718 2537 811 2595 datus.

214 2616 229 2669 1
292 2614 344 2672 III.
367 2615 432 2673 Hoc
446 2615 510 2673 loco
523 2616 593 2672 libet
614 2616 804 2692 interponere,
820 2616 873 2673 etsi
894 2615 1059 2690 sejunctum
1075 2617 1111 2672 ab
1129 2634 1161 2673 re

252 2695 394 2769 proposita
415 2704 467 2764 est,
496 2696 587 2752 nimia
614 2694 722 2751 fiducia
744 2704 860 2771 quautae
882 2694 1042 2752 calamitati
1070 2695 1161 2752 soleat

251 2790 326 2828 esse.
360 2773 438 2830 Nam
452 2775 674 2850 magistratuum
689 2774 896 2831 Thebanorum
911 2773 1007 2830 statim
1023 2773 1059 2829 ad
1074 2793 1161 2830 aures

251 2853 390 2924 pervenit,
403 2853 519 2909 exsules
533 2853 563 2908 in
578 2852 679 2909 urbem
691 2852 850 2908 devenisse.
893 2851 926 2909 ld
940 2852 992 2920 illi,
1009 2854 1076 2916 vino
1090 2871 1159 2929 epu·

250 2927 344 3002 lisque
360 2931 456 2999 dediti,
473 2949 564 3006 usque
579 2949 612 2987 eo
629 2929 829 3006 despexerunt,
846 2940 877 2987 ut
898 2949 935 2987 ne
950 2949 1082 3005 quaerere
1097 2931 1158 3005 qui-

211 3008 230 3060 2
251 3005 317 3063 dem
331 3007 366 3065 de
380 3017 460 3078 tanta
475 3027 507 3066 re
520 3009 686 3068 laborarint.
719 3009 853 3066 Accessit
864 3009 961 3077 etiarn,
976 3009 1053 3085 quod
1067 3010 1161 3085 magis

251 3087 376 3160 aperiret
399 3105 499 3144 eornm
522 3087 705 3144 dementiam.
748 3087 850 3145 Allata
874 3097 917 3144 est
941 3089 1019 3144 enim
1040 3087 1161 3163 epistola

251 3164 375 3221 Athenis
396 3165 432 3221 ab
448 3165 569 3234 Archia,
585 3165 810 3242 [hierophanta]
826 3167 877 3222 uni
892 3186 930 3223 ex
952 3167 1006 3235 his,
1028 3166 1159 3235 Archiae,

250 3242 301 3316 qui
324 3251 387 3298 turn
411 3245 571 3300 maximum
596 3244 796 3320 magistratum
820 3245 929 3302 Thebis
953 3245 1107 3314 obtinebat,
1130 3245 1161 3320 iq

250 3339 309 3395 qua
336 3320 432 3376 omnia
456 3321 491 3377 de
520 3321 694 3397 profectione
709 3323 858 3380 exsulum
885 3324 1045 3398 perscripta
1066 3333 1159 3380 erant.

250 3398 327 3464 Quae
341 3417 431 3472 quum
448 3398 510 3472 jam
530 3401 686 3456 accubanti
707 3402 736 3457 in
751 3402 882 3458 convivio
897 3413 971 3459 esset
991 3400 1067 3471 data,
1084 3403 1161 3460 sicut

250 3489 313 3535 erat
326 3477 448 3552 signata,
464 3477 518 3533 sub
539 3477 690 3552 pulvinum
705 3480 871 3554 subjiciens,
886 3483 916 3536 ia
939 3482 1100 3549 crastinam,
1116 3482 1158 3537 in-

211 3556 229 3608 3
249 3557 321 3629 quit,
344 3556 375 3610 di
396 3573 442 3611 ero
456 3573 503 3611 res
516 3573 639 3611 sacerna.
681 3558 723 3613 At
736 3557 779 3613 illi
793 3577 900 3627 omnes,
916 3576 1007 3633 quum
1026 3559 1088 3633 jam
1103 3577 1160 3616 nox

251 3633 444 3706 processisset,
460 3631 597 3688 vinolenti
611 3633 648 3688 ab
662 3635 821 3702 exsulibus,
838 3635 912 3692 duce
928 3636 1076 3711 Pelopida,
1092 3647 1162 3694 sunt

251 3708 405 3766 interfecti.
447 3709 563 3774 Quibus
579 3709 669 3776 ¹rebus
690 3711 837 3782 consectis,
853 3713 941 3789 vulgo
961 3713 998 3770 ad
1019 3732 1103 3772 arma
1127 3715 1161 3773 li-
