2710 4300
311 321 423 428 XXV.
471 373 500 429 1.
546 365 598 448 (T.
615 365 808 450 Pomponius
823 367 972 450 Atticus.)
1059 375 1100 432 ut

187 513 282 572 multis
302 526 436 576 tentatus
462 539 520 577 non
543 520 625 578 modo
648 521 760 578 nullum
780 521 983 580 detrimentum
1003 523 1101 582 existi·

186 594 316 649 mationis
331 593 413 667 fecit,
430 600 494 669 sed,
509 600 605 676 quoad
620 601 699 668 vixit,
714 601 854 658 virtutum
870 599 955 658 lande
969 603 1071 658 crevit.

219 669 272 729 lli.
296 672 330 730 ln
346 678 489 734 omnibus
505 679 592 735 rebus
605 679 747 754 singulari
762 678 816 736 fuit
838 679 988 754 prudentia
1008 691 1036 738 et
1057 680 1098 738 in·
1122 685 1137 738 l

182 749 301 809 dustria.
339 753 427 812 Nam
443 769 472 814 et
487 757 616 833 agricola
630 758 741 826 sollers,
757 767 786 815 et
800 759 966 834 reipublicae
981 759 1097 834 peritus,

180 839 208 885 et
227 831 307 904 juris
330 836 502 904 consultus,
518 847 547 892 et
567 853 691 912 magnus
713 837 876 912 imperator,
892 849 919 894 et
945 837 1099 912 probabilis

178 922 283 977 orator,
295 921 326 967 et
337 914 554 988 cupidissimus
568 914 729 972 litterarum
745 915 807 973 suit.
828 914 961 979 Quarum
972 916 1098 974 studium
1119 923 1139 976 2

178 989 229 1044 etsi
243 990 345 1046 senior
357 994 539 1070 arripuerat,
555 1003 789 1052 tamen.tantum
814 1011 998 1070 progressum
1021 995 1097 1064 iecit,

179 1075 208 1122 ut
232 1085 292 1124 non
315 1067 412 1128 facile
428 1073 557 1146 reperire
582 1071 680 1148 possis,
697 1089 790 1148 neque
812 1072 847 1129 de
869 1071 989 1142 Graecis,
1004 1091 1098 1148 neque

178 1142 212 1200 de
226 1145 344 1204 Italicis
367 1151 469 1218 rebus,
484 1149 558 1224 quod
580 1151 608 1207 ei
630 1148 717 1208 fuerit
739 1149 928 1228 incognitum.
971 1151 1019 1208 Ab
1033 1151 1097 1210 ado·

178 1220 321 1282 lescentia
348 1225 482 1285 confecit
506 1229 659 1286 orationes.
699 1229 795 1287 Senex
817 1229 950 1287 historias
970 1230 1138 1288 scribereii

178 1299 311 1373 instituit,
328 1325 463 1381 quarum
485 1317 553 1364 sunt
576 1307 643 1363 libri
667 1319 787 1384 septem.
838 1307 952 1366 Primus
974 1309 1100 1366 continet

178 1396 223 1436 res
243 1393 350 1458 gestas
374 1402 481 1462 regum
502 1385 599 1462 populi
620 1384 762 1458 Romani;
785 1386 932 1444 secundus
945 1398 975 1444 et
988 1387 1099 1456 tertius,

179 1460 254 1517 unde
270 1481 406 1539 quaeque
421 1464 525 1520 civitas
538 1475 600 1521 orta
614 1464 652 1520 sit
671 1464 791 1523 Italica:
812 1465 848 1522 ob
862 1483 950 1539 quain
966 1483 1026 1520 rem
1040 1483 1099 1521 orn-

178 1553 229 1594 nes
243 1539 393 1618 Origines
405 1542 520 1598 videtur
530 1543 701 1618 appellasse.
723 1542 755 1601 ln
767 1553 870 1620 quarto
881 1553 979 1600 autem
991 1541 1099 1600 bellum

179 1613 339 1677 Poenicnm
362 1623 511 1697 primum;
534 1622 564 1676 in
588 1621 688 1694 quinto
702 1621 876 1679 secundum.
920 1621 1017 1696 Atque
1036 1620 1138 1679 haecl

178 1697 279 1754 omnia
300 1700 490 1776 capitulatim
511 1709 578 1756 sunt
600 1699 688 1757 dicta.
731 1699 914 1776 Reliquaqua
936 1699 1012 1756 bella
1036 1701 1098 1776 pari

179 1774 265 1830 modo
289 1788 468 1854 persecutus
482 1787 534 1848 est,
551 1795 643 1852 usque
666 1777 701 1834 ad
725 1789 880 1854 praeturam
907 1778 970 1835 Ser.
986 1777 1097 1850 Galbae,

180 1853 230 1924 qui
244 1854 372 1933 diripuit
391 1856 558 1914 Lusitanos.
602 1858 701 1932 Atque
722 1857 824 1914 horum
846 1856 988 1914 bellorum
1009 1856 1098 1914 duces

181 1946 238 1987 non
253 1937 428 2004 nominavit,
441 1935 492 1991 sed
504 1936 566 1991 sine
578 1935 742 1990 nominibus
757 1953 803 1992 res
814 1935 931 1992 notavit.
955 1934 986 1992 ln
996 1935 1098 1994 iisdem

181 2017 329 2085 exposuit,
347 2032 412 2088 quae
438 2015 468 2069 in
489 2012 575 2071 ltalia
598 2012 805 2088 Hispaniisque
820 2013 988 2071 viderentur
1008 2013 1097 2070 admi·

86 2128 91 2136 .
183 2089 287 2148 rande.
331 2092 365 2149 In
379 2093 487 2166 quibus
501 2091 593 2148 multa
609 2091 751 2148 industria
764 2101 793 2149 et
812 2091 962 2168 diligentia
983 2110 1097 2168 compa-

183 2175 235 2235 ret,
250 2171 347 2227 multa
361 2170 504 2228 doctrina.
548 2169 647 2244 Hujus
660 2169 696 2226 de
712 2171 770 2226 vita
783 2179 811 2226 et
825 2171 953 2228 moribus
968 2171 1052 2245 plura
1067 2170 1097 2226 in
1118 2172 1137 2226 5

183 2262 216 2299 eo
230 2247 308 2306 libro
319 2249 467 2324 persecuti
480 2267 593 2314 sumus,
604 2266 691 2322 quem
706 2249 861 2324 separatim
875 2248 911 2305 de
926 2266 960 2305 eo
976 2247 1098 2306 fecimus

185 2337 288 2400 rogatu
310 2327 371 2384 Titi
387 2326 536 2402 Pomponii
551 2327 653 2384 Attici.
694 2325 795 2391 Quare
820 2326 960 2384 studiosos
979 2326 1098 2384 Catonis

186 2401 221 2458 ad
235 2405 309 2463 illud
324 2407 462 2464 volumen
476 2405 658 2481 delegamus.

194 2799 313 2875 XXV.
370 2802 419 2874 T.
447 2798 790 2873 POMPONIUS
817 2795 1103 2872 ATTICUS.

224 3115 249 3172 1.
275 3113 309 3172 Τ.
331 3113 505 3186 Pomponius
528 3111 650 3179 Atticus,
671 3110 707 3166 ab
734 3111 845 3186 origine
873 3111 975 3167 ultima
1002 3110 1098 3186 stirpis
1119 3118 1133 3171 1

187 3195 329 3252 Romanae
357 3202 522 3268 generatus,
554 3200 691 3264 perpetuo
717 3207 735 3244 a
763 3188 920 3262 majoribus
948 3199 1097 3265 acceptam

186 3283 353 3347 equestrem
368 3270 491 3326 obtinuit
505 3269 685 3344 dignitatem.
708 3265 793 3322 Patre
809 3284 879 3323 usus
892 3277 936 3324 est
949 3267 1094 3344 diligente,
1117 3275 1135 3326 2

188 3351 367 3425 indulgente,
383 3357 421 3416 et,
436 3357 468 3404 ut
481 3358 542 3406 tum
557 3355 641 3402 erant
664 3355 802 3418 tempora,
817 3342 877 3415 diti,
898 3347 1096 3422 imprimisque

188 3428 316 3486 studioso
340 3427 514 3482 litterarum.
556 3423 624 3494 Hic,
650 3433 733 3498 prout
757 3423 818 3497 ipse
841 3423 954 3480 amabat
976 3424 1095 3495 litteras,

188 3507 323 3564 omnibus
337 3504 483 3572 doctrinis,
498 3503 604 3577 quibus
625 3501 745 3576 puerilis
759 3512 828 3558 aetas
849 3503 987 3577 impertiri
1002 3502 1095 3573 debet,

70 3651 74 3662 .
160 3609 163 3614 ·
191 3585 284 3640 lilium
295 3582 431 3640 erudivit.
454 3582 526 3638 Erat
541 3591 637 3637 autem
652 3581 681 3634 in
696 3596 794 3654 puero,
804 3590 907 3655 praeter
920 3579 1095 3636 docilitatem
1116 3583 1135 3636 a

191 3661 311 3738 ingenii,
326 3679 440 3716 summa
454 3659 583 3716 suavitas
595 3659 654 3714 oris
671 3675 706 3714 ac
720 3657 808 3726 vocis,
823 3667 853 3714 nt
872 3675 928 3712 non
942 3655 1035 3712 solum
1049 3675 1096 3714 ee-

193 3740 293 3796 leriter
306 3738 461 3813 acciperet,
476 3755 542 3812 quae
549 3735 743 3804 tradebantur,
759 3734 907 3791 sedetiam
921 3731 1097 3791 excellenter

618 3821 623 3828 '
669 3817 687 3868 9
