2608 4300
352 401 456 465 XVII.
500 412 528 477 6,
544 413 572 477 7,
589 411 617 466 8.
664 403 870 486 (Agesilaus.)
1021 408 1058 467 'li

155 577 190 629 er,
212 556 317 632 inquit,
333 575 381 637 eoa
399 559 570 632 exstinguere
590 557 767 626 voluerimus,
784 560 833 631 qui
850 555 990 614 achaeum
1012 557 1062 614 ad-

154 657 254 694 versus
269 635 404 692 barbaros
417 644 556 705 steterunt,
571 639 729 708 nosmetipsi
741 654 791 692 nos
805 637 1062 711 enpugrtaoerimue,

154 717 214 772 illis
228 714 441 789 quiescentibus.
469 712 548 788 1an
562 712 646 792 facto
659 717 718 772 sine
738 716 853 790 negotio,
874 732 957 790 quam
970 715 1061 772 uolue-

154 797 220 862 rlnt,
235 812 288 850 nos
302 796 462 864 opponent.

195 871 250 929 VI.
274 870 394 928 Interim
410 871 513 929 accidit
528 871 579 928 illa
593 869 745 928 calamitas
759 870 835 946 apud
859 871 989 929 Leuctra
1003 869 1059 928 La-
1084 875 1098 928 1

155 950 359 1008 cedaemoniis:
380 967 437 1024 quo
451 967 486 1006 ne
509 949 750 1024 proficisceretur,
766 968 856 1023 quum
877 969 894 1006 a
917 951 1062 1026 plerisque

156 1028 192 1086 ad
207 1027 374 1085 exeundum
389 1038 576 1104 premeretur,
593 1040 624 1084 ut
638 1029 662 1084 si
677 1027 712 1084 de
726 1029 805 1086 exitu
819 1028 967 1096 divinaret,
982 1029 1062 1084 exire

154 1108 259 1164 noluit.
290 1105 379 1175 Idem,
395 1125 484 1180 quum
500 1105 715 1181 Epaminondas
730 1106 862 1181 Spartam
872 1115 1060 1182 oppugnaret,

151 1185 289 1260 'essetque
314 1185 376 1241 sinc
399 1185 489 1242 muris
513 1183 659 1260 oppidum,
684 1185 773 1241 talem
802 1203 833 1241 se
861 1185 1062 1260 imperatorem

158 1265 287 1340 praebuit,
313 1273 344 1320 ut
369 1281 403 1320 eo
427 1273 553 1338 tempore
577 1263 711 1320 omnibus
734 1264 908 1338 apparuerit,
933 1263 989 1319 nisi
1013 1261 1062 1320 ille

159 1341 267 1411 fuisset,
294 1341 427 1418 Spartam
453 1341 579 1398 futuram
603 1359 659 1398 non
682 1340 781 1398 fuisse.
823 1340 856 1398 In
876 1361 933 1417 quo
947 1340 1062 1416 quidem
1083 1345 1102 1398 2
1159 1353 1167 1364 '

137 1421 323 1480 discrimine
347 1421 482 1477 celeritas
505 1420 569 1494 ejus
594 1419 706 1477 consilii
730 1420 818 1478 saluti
840 1418 894 1477 fuit
909 1419 1061 1477 universis.

160 1499 235 1555 Nam
245 1517 339 1575 quum
355 1498 472 1572 quidam
487 1495 701 1568 adolescentuli,
716 1499 839 1556 hostium
861 1499 987 1556 adventu
1001 1516 1062 1573 per-

158 1579 259 1646 territi,
275 1577 311 1633 ad
326 1575 481 1634 Thebanos
495 1575 676 1652 transfugere
691 1575 807 1646 vellent,
822 1588 851 1634 et
871 1577 968 1634 locum
981 1587 1063 1634 extra

158 1656 259 1712 urbem
284 1655 392 1712 editum
414 1655 576 1730 cepissent3
605 1655 771 1731 Agesilaus,
785 1657 836 1731 qui
858 1656 1061 1733 perniciosissi-

157 1752 239 1790 mum
264 1733 322 1791 fore
344 1733 462 1803 videret,
478 1733 502 1790 si
528 1733 759 1791 animadversum
782 1745 1062 1810 essetquamquam

159 1810 194 1868 ad
216 1813 311 1870 hostes
323 1811 505 1888 transfugere
519 1813 628 1882 conari,
644 1831 711 1870 cum
726 1814 786 1870 suis
807 1833 841 1870 eo
856 1815 942 1883 venit,
965 1822 1060 1888 atqua,

159 1900 191 1947 ut
211 1891 236 1946 si
258 1892 330 1948 bono
351 1891 446 1948 animo
470 1889 614 1960 fecissent,
630 1891 759 1948 laudavit
782 1891 934 1949 consilium
949 1911 1060 1960 eorum,

158 1968 234 2043 quod
249 1987 315 2026 eum
330 1970 426 2026 locum
439 1979 637 2046 occupassent,
653 1979 682 2026 et
703 1989 734 2026 se
754 1968 781 2026 id
802 1989 916 2046 quoque
930 1971 992 2028 fieri
1013 1970 1060 2027 de-

159 2048 228 2105 bere
243 2046 489 2104 animadvertisse.
532 2048 581 2104 Sic
599 2048 825 2106 adolescentulos
839 2049 974 2106 simulata
998 2047 1060 2104 lau·
1082 2051 1101 2104 3

157 2125 270 2183 datione
282 2127 473 2201 recuperavit,
489 2135 517 2184 et
532 2127 674 2202 adjunctis
688 2126 723 2184 de
734 2127 795 2184 suis
804 2129 954 2184 comitibus
965 2127 1062 2183 locum

157 2214 252 2260 tutum
267 2205 392 2279 reliquit.
434 2204 569 2279 Namque
584 2206 635 2274 illi,
651 2215 735 2264 aucto
754 2223 874 2263 numero
888 2222 997 2271 eorum,
1012 2204 1062 2280 qui

157 2293 288 2358 expertes
302 2292 385 2339 erant
400 2283 519 2352 consilii,
535 2302 713 2341 commovere
729 2303 759 2341 se
774 2303 830 2341 non
844 2295 909 2342 sunt
928 2283 1001 2350 ausi,
1016 2301 1060 2339 eo-

111 2429 119 2434 μ
157 2379 214 2436 que
229 2360 373 2429 libentiae,
385 2361 461 2435 quod
475 2360 564 2418 latere
579 2363 801 2431 arbitrabantur,
816 2381 924 2438 quaeco
946 2363 1061 2417 iterant.

198 2438 265 2496 VII.
288 2439 357 2496 Sine
381 2439 467 2495 dubio
489 2449 550 2515 post
574 2439 761 2498 Leuctricam
782 2459 910 2516 pugnam
925 2381 1061 2496 beceda·
1084 2443 1099 2496 1

157 2519 245 2574 monii
260 2536 290 2574 se
304 2534 463 2592 numquam
478 2517 651 2585 refecerunt,
666 2536 760 2592 neque
781 2519 934 2592 pristinum
948 2517 1061 2590 impari-

157 2613 208 2652 um
224 2605 448 2670 recuperarunt:
470 2615 560 2671 quum
574 2596 689 2653 interim
705 2596 863 2672 Agesilaus
877 2612 934 2651 non
948 2594 1061 2664 destitit,

155 2674 387 2749 quibuscumque
415 2675 502 2732 rebus
529 2685 631 2750 posset,
661 2675 783 2749 patriam
806 2673 922 2747 juvare.
984 2672 1101 2732 Nam2

155 2770 247 2827 quum
273 2753 416 2828 praecipue
441 2751 655 2810 Lacedaemonii
676 2751 837 2828 indigerent
858 2751 990 2826 pecunia,
1012 2750 1062 2809 ille

155 2831 297 2899 omnibus
313 2831 363 2905 qui
377 2849 395 2886 a
408 2849 477 2906 rege
492 2831 666 2899 defecerant,
682 2829 813 2906 praesidio
834 2829 904 2887 fuit:
927 2831 1062 2906 aquibus

156 2927 264 2985 magna
278 2907 398 2966 donatus
423 2911 546 2985 pecunia
571 2909 692 2986 patriam
706 2908 877 2966 sublevavit.
921 2910 1017 2983 Atque
1031 2911 1061 2966 in
1082 2914 1101 2966 3

156 2986 211 3043 boc
226 2986 296 3044 illud
311 2988 443 3062 inprimis
457 2986 510 3044 fuit
525 2987 701 3057 admirabile,
717 3007 807 3063 quum
821 2988 948 3045 maxima
961 3006 1060 3044 mune-

156 3083 189 3120 ra
204 3065 231 3120 ei
247 3066 282 3120 ab
297 3066 461 3142 regibus,et
475 3064 1061 3141 dynastia,civitatibusqueconferrentur,

156 3143 232 3217 quod
246 3143 317 3200 nibil
334 3162 471 3218 umquam
492 3143 549 3220 [in]
564 3145 679 3203 domum
700 3163 782 3202 suam
798 3145 926 3214 contulit,
942 3145 1012 3201 nibil
1027 3145 1062 3201 de

157 3222 246 3290 victu,
261 3221 333 3277 nihil
348 3221 383 3278 de
398 3223 502 3278 vestitu
517 3221 667 3280 Laconum
682 3223 812 3279 mutavit.
855 3222 947 3280 Domo
960 3223 1062 3280 eadem
1082 3228 1101 3280 4

158 3297 212 3355 fuit
236 3309 396 3368 contentus,
422 3319 480 3374 qua
498 3299 708 3376 Borysthenes,
733 3302 895 3377 progenitor
919 3301 1062 3375 majorum

157 3396 284 3445 suorum,
297 3377 391 3434 fuerat
405 3396 491 3435 usus:
520 3398 607 3453 quam
621 3379 672 3454 qui
686 3379 814 3448 intrarat,
825 3378 938 3438 nullum
947 3382 1063 3456 signum
1116 3385 1118 3388 ’

157 3454 292 3524 libidinis,
308 3456 422 3517 nullum
436 3457 560 3514 luxuriae
574 3457 671 3513 videre
686 3465 795 3532 poterat
807 3477 815 3529 3
838 3468 938 3515 contra
951 3477 986 3514 ea
1001 3456 1062 3532 plu-

85 3557 88 3560 ·
158 3534 232 3589 rima
256 3535 400 3608 patientiae
423 3544 509 3609 atque
535 3535 722 3592 abstinentiae.
764 3534 813 3592 Sic
837 3537 914 3592 enim
936 3544 998 3591 erat
1022 3535 1063 3588 in-

157 3620 277 3681 structa,
304 3613 438 3671 utnulla
462 3615 492 3669 in
519 3631 550 3670 re
575 3611 702 3670 differret
722 3613 852 3688 cujusvis
872 3613 963 3688 inopis
977 3619 1064 3684 atque

152 3699 154 3702 ’
179 3689 273 3746 riveti.
963 3739 965 3743 ,

158 3707 281 3827 pVIII.
310 3769 407 3844 Atque
432 3769 479 3828 hio
500 3778 597 3828 tantus
620 3769 675 3838 vir,
700 3778 733 3828 ut
756 3776 892 3824 naturam
913 3763 1067 3820 fautricem
1088 3766 1104 3816 1
