2710 4300
253 383 313 445 100
357 376 465 444 XXV.
509 386 538 452 6,
554 383 582 441 7.
630 376 680 461 (Τ.
698 375 892 463 Pomponius
907 377 1055 460 Atticus.)

246 531 285 597 Q.
300 529 400 590 Tullio
413 529 564 589 Ciceroni:
586 549 693 605 easque
707 531 823 607 nuptias
845 529 885 588 M.
900 531 1004 589 Cicero
1018 533 1154 590 concilia-

246 619 299 678 rat,
314 628 383 668 curn
407 628 465 685 quo
485 627 503 666 a
524 609 755 686 condiscipulatu
770 609 886 667 vivebat
910 610 1154 685 conjunctissime,

245 688 335 745 multo
349 689 437 746 etiam
458 686 641 756 familiarius,
655 707 744 763 quam
758 706 826 745 curn
841 688 958 757 Quinto,
976 699 1006 746 ut
1027 689 1154 765 judicari

244 767 339 843 possit,
365 767 431 844 plns
454 767 483 823 in
510 768 637 824 amicitia
663 766 760 824 velere
785 767 1001 825 similitudinem
1030 787 1153 839 morum,

204 847 223 902 t
244 861 332 920 quarn
347 845 524 902 affinitatem.
556 845 698 904 Utebatur
712 855 807 903 autem
822 846 921 902 intime
936 845 975 910 Q.
989 845 1152 917 Hortensio,

243 923 353 999 quibis
373 924 548 1000 temporibus
569 925 762 999 principatum
779 923 955 998 'eloquentiae
976 927 1100 995 tenebat,
1120 936 1153 984 ut

244 1002 365 1080 intelligi
379 1019 435 1059 non
450 1012 553 1079 posset,
570 1013 712 1062 utereum
737 1003 802 1078 plus
822 1002 964 1078 diligeret,
980 1004 1092 1074 Cicero,
1114 1021 1152 1062 an

244 1079 433 1139 Hortensius:
465 1091 494 1140 et
516 1081 553 1150 id,
575 1079 652 1156 quod
675 1092 739 1138 erat
763 1074 1151 1153 difficillimumefficiebat,

244 1171 283 1229 ut,
299 1159 373 1217 inter
386 1178 458 1236 quos
478 1171 566 1217 tantae
579 1157 674 1216 laudis
688 1170 764 1220 esset
784 1160 939 1228 emulatio,
962 1161 1044 1218 nulla
1064 1163 1151 1220 inter·

242 1238 358 1296 cederet
372 1240 548 1306 obtrectatio,
564 1247 696 1312 essetque
711 1239 813 1295 talium
828 1238 958 1295 virorum
973 1241 1086 1316 copula.

205 1322 219 1375 1
283 1316 336 1374 VI.
358 1317 390 1375 ln
398 1318 549 1394 republica
560 1318 600 1374 ita
609 1327 741 1374 versatus
750 1327 801 1386 est,
813 1327 844 1374 ut
853 1336 967 1393 semper
977 1320 1152 1394 optimarum

243 1395 367 1472 partium
381 1406 410 1454 et
423 1407 498 1453 esset
512 1406 541 1454 et
554 1397 886 1473 existimaretur„neque
902 1406 997 1454 tamen
1011 1417 1042 1454 se
1057 1399 1150 1456 civili-

242 1475 296 1532 bus
310 1475 446 1532 fluctibus
466 1477 666 1544 committeret,
682 1475 758 1550 quod
783 1493 838 1531 non
854 1475 947 1551 magis
968 1495 1016 1533 ecs
1041 1477 1070 1533 in
1096 1495 1151 1535 sua

242 1563 378 1629 potestate
402 1553 584 1612 existimabat
610 1573 682 1622 esse,
704 1554 754 1630 qui
779 1573 809 1610 se
824 1554 869 1610 his
888 1553 1040 1623 dedissent,
1062 1573 1151 1630 quam

202 1633 291 1707 2qui
316 1633 467 1689 maritimis
486 1633 676 1707 jactarentur.
719 1632 852 1690 Honores
874 1651 930 1690 non
954 1634 1043 1708 petiit,
1058 1653 1151 1708 quum

241 1711 269 1768 ei
292 1722 422 1786 paterent
444 1721 559 1787 propter
575 1712 620 1768 vel
644 1712 769 1788 gratiam
788 1711 834 1768 vel
854 1711 1039 1787 dignitatem:
1072 1713 1150 1787 quod

241 1807 335 1864 neque
350 1791 406 1866 peti
422 1808 501 1847 more
516 1790 667 1865 majorum,
682 1808 775 1865 neque
790 1791 855 1865 capi
871 1799 982 1866 possent
997 1808 1149 1848 conserva-

240 1867 278 1925 tis
298 1867 420 1944 legibus,
437 1869 466 1924 in
491 1878 550 1926 tam
570 1867 669 1926 effusis
683 1869 807 1925 ambitus
832 1869 1040 1947 largitionibus,
1055 1888 1150 1944 neque

241 1946 303 2024 geri
318 1947 493 2021 erepublica
502 1948 564 2004 sine
575 1947 712 2023 periculo,
724 1948 866 2023 corruptis
875 1948 1001 2004 civitatis
1010 1948 1147 2005 moribus.

201 2030 220 2082 3
241 2025 289 2081 Ad
305 2025 417 2082 hastam
442 2025 588 2100 publicam
609 2035 769 2100 numquam
790 2026 921 2083 accessit.
963 2025 1085 2084 Nullius
1106 2027 1150 2084 rei

241 2120 335 2178 neque
351 2121 433 2178 praes,
448 2123 541 2178 neque
556 2122 695 2179 manceps
715 2102 810 2162 sactus
824 2115 876 2162 est.
920 2103 1077 2161 Neminem
1099 2124 1148 2162 nc-

241 2201 297 2256 que
313 2200 365 2238 suo
379 2183 502 2251 nomine,
517 2201 612 2258 neque
633 2182 827 2252 subscribens,
844 2183 1003 2240 accusavit.
1047 2181 1079 2240 In
1099 2184 1149 2258 jus

201 2266 221 2319 4
241 2260 276 2318 de
291 2279 345 2317 sua
359 2279 390 2317 re
405 2277 564 2336 numquam
579 2261 629 2332 iit3
649 2260 793 2336 judicium
807 2261 920 2319 nullum
936 2260 1045 2318 habuit.
1072 2260 1147 2318 Mul-

240 2350 335 2397 torum
359 2339 512 2397 consulum
536 2349 748 2416 praetorumque
771 2338 958 2416 praefecturas
982 2339 1091 2396 delatas
1105 2341 1148 2398 sic

241 2419 363 2494 accepit,
386 2429 417 2476 ut
431 2420 577 2475 neminem
598 2419 627 2474 in
650 2419 827 2494 provinciam
843 2419 879 2475 sit
899 2428 1025 2487 secutus,
1042 2418 1147 2476 honore

241 2497 328 2555 fuerit
342 2507 501 2568 contentus,
518 2497 560 2556 rei
583 2496 734 2554 familiaris
747 2497 910 2573 despexerit
930 2495 1074 2554 fructum:
1096 2499 1146 2571 qui

239 2595 277 2634 ne
300 2596 370 2635 curn
394 2577 432 2642 Q.
459 2576 575 2652 quidem
596 2575 737 2634 Cicerone
762 2577 885 2634 voluerit
906 2577 949 2631 ire
974 2576 1004 2631 in
1032 2575 1145 2644 Asiam,

239 2674 329 2730 quum
354 2655 430 2731 apud
454 2673 521 2712 cum
546 2655 635 2732 legati
660 2655 757 2712 locum
780 2654 907 2712 obtinere
933 2663 1035 2729 posset.
1077 2652 1146 2711 Non

239 2735 318 2791 enirn
340 2732 445 2792 decere
465 2753 496 2791 se
520 2734 722 2803 arbitrabatur,
748 2751 838 2808 quum
864 2743 1019 2808 praeturam
1042 2751 1146 2808 gerere

199 2817 219 2870 5
239 2813 386 2882 noluisset,
402 2814 544 2870 asseclam
555 2832 617 2870 esse
632 2812 770 2888 praetoris.
812 2811 881 2876 Qua
894 2813 924 2867 in
940 2828 970 2868 re
982 2829 1035 2867 non
1051 2811 1146 2868 solum

238 2891 370 2969 dignitati
384 2892 536 2960 serviebat,
552 2891 602 2948 sed
616 2893 702 2948 etiam
716 2890 926 2966 tranquillitati,
942 2908 1033 2964 quum
1054 2890 1144 2964 suspi-

238 2972 336 3028 ciones
356 2989 470 3046 quoque
495 2971 598 3028 vitaret
622 2971 787 3027 criminum.
829 2968 897 3033 Quo
919 2969 1013 3035 fiebat,
1029 2979 1061 3025 ut
1076 2968 1146 3042 ejus

237 3051 419 3108 observantia
433 3050 565 3107 omnibus
579 3060 654 3106 esset
667 3048 770 3119 carior,
786 3066 876 3124 quum
891 3065 955 3104 earn
970 3045 1072 3114 officio,
1088 3063 1145 3104 non

238 3129 333 3186 timori
348 3148 442 3204 neque
456 3130 516 3205 spei
530 3127 618 3186 tribui
633 3128 773 3184 viderent.

200 3212 215 3264 1
277 3207 344 3266 Vll.
366 3207 469 3265 Incidit
482 3207 683 3265 Caesarianum
698 3206 785 3264 civile
811 3205 930 3275 bellum,
945 3223 1036 3279 quum
1057 3204 1143 3262 habe·

239 3296 281 3344 ret
296 3304 385 3343 annos
400 3287 516 3344 circiter
530 3288 689 3362 sexaginta.
726 3279 809 3343 Usus
824 3295 867 3342 est
881 3285 972 3340 aetatis
983 3283 1142 3354 vacatione,

238 3382 332 3441 neque
348 3363 406 3441 [se]
420 3383 566 3440 quoquam
584 3366 673 3422 movit
687 3382 723 3421 ex
738 3363 819 3420 urbe.
863 3363 938 3428 Quae
960 3361 1061 3418 amicis
1083 3363 1144 3419 suis

237 3462 308 3519 opus
331 3441 445 3500 fuerant
469 3443 504 3500 ad
529 3443 696 3519 Pompeium
721 3441 975 3517 proficiscentibus,
990 3441 1087 3498 omnia
1107 3459 1143 3498 ex

178 3527 217 3578 ·2
237 3540 292 3579 sua
312 3540 343 3577 re
369 3520 505 3577 familiari
526 3520 613 3578 dedit.
654 3521 752 3596 Ipsum
774 3520 942 3595 Pompeium
955 3518 1144 3593 conjunctum

237 3617 293 3656 non
305 3597 436 3656 offendit:
458 3597 572 3654 nullum
586 3598 692 3673 [enim]
708 3598 744 3654 ab
753 3617 787 3656 eo
801 3599 923 3655 habebat
932 3607 1142 3666 ornamentum,

239 3687 270 3734 ut
280 3677 379 3746 ceteri,
389 3677 438 3751 qui
453 3692 504 3752 per
513 3692 580 3731 eum
595 3686 646 3732 aut
659 3676 788 3745 honores,
799 3686 848 3732 aut
862 3675 978 3732 divitias
988 3684 1142 3750 ceperant3

237 3771 360 3830 quorum
385 3755 488 3830 partim
513 3752 677 3809 invitissimi
700 3762 796 3811 castra
820 3763 886 3812 sunt
913 3754 1016 3822 secuti,
1039 3753 1145 3829 partim
