2608 4300
386 401 444 464 ΙΙΙ.
469 411 497 477 2,
515 409 543 464 3.
591 399 779 482 (Aristides.)
999 405 1035 462 21

52 588 56 593 ·
134 547 210 623 quid
220 547 362 605 Aristides
375 549 578 617 commisisset,
590 553 643 604 cur
653 559 731 604 tanta
743 565 831 622 poena
841 545 946 620 dignus
957 545 1045 602 duce·

137 629 236 684 retur?
279 627 334 684 Cui
347 627 398 683 ille
420 626 578 701 respondit,
593 647 625 683 se
646 627 778 702 ignorare
793 626 968 693 Aristidem,
990 624 1044 682 sed
1065 629 1083 682 t

135 705 197 762 sibi
211 723 268 761 non
282 706 407 780 placere,
419 705 494 779 quod
507 716 565 760 tarn
579 705 682 779 cupide
697 705 884 772 elaborasset,
898 713 929 760 ut
942 713 1045 778 praeter

136 795 255 840 ceteros
270 785 370 840 Justus
385 784 585 858 appellaretur.
627 783 685 839 llic
705 783 807 839 decem
822 801 956 838 annorum
972 783 1043 856 legi·
1065 787 1083 838 5

135 864 240 920 timam
260 881 375 937 poenam
397 880 455 918 non
478 862 603 936 pertulit.
651 862 728 918 Nam
755 873 904 936 postquam
929 861 1043 918 Xerxes

137 943 170 998 in
194 939 341 996 Graeciam
363 939 526 1008 descendit,
541 951 622 995 sexto
636 939 696 995 fere
718 958 802 1009 anno,
816 957 900 1023 quaqt
921 952 981 996 erat
995 959 1043 996 ex·

137 1022 254 1096 pulsuS,
268 1018 443 1094 populiscitu
457 1018 487 1074 in
501 1018 621 1092 patriam
633 1015 779 1076 restiturus
794 1029 847 1074 est.

181 1098 224 1154 ll.
260 1097 392 1153 Interfuit
416 1107 511 1152 autem
538 1113 641 1170 pugna
664 1097 759 1151 navali
788 1095 861 1170 apud
890 1097 1044 1164 Salamina,
1069 1100 1081 1154 l

140 1197 206 1252 quet
235 1175 310 1232 facta
335 1167 380 1232 est
406 1175 495 1249 priua,
521 1193 607 1247 quarn
630 1180 714 1248 pieni
737 1174 911 1230 liberaretur.
965 1175 1046 1231 ldetn

140 1267 246 1329 prator
266 1253 317 1310 fuit
339 1254 563 1310 Atheniensium
584 1247 805 1328 apud'Piataeas
826 1253 855 1308 in
869 1255 977 1326 proelio,
991 1271 1046 1327 quo

144 1333 313 1406 Mardonius
334 1333 424 1401 fusus,
449 1335 689 1405 barbarorumque
715 1331 859 1388 exercitus
881 1331 1046 1388 interfectus

145 1391 235 1470 estsl(
241 1411 343 1485 Neque
359 1409 438 1468 aliud
453 1422 498 1467 est
511 1412 600 1468 ullum
617 1411 703 1486 hujus
718 1411 749 1466 in
763 1429 794 1466 re
809 1410 922 1466 militari
937 1411 1046 1466 illustre
1066 1415 1084 1466 2

144 1490 260 1559 facturn,
275 1509 359 1563 quarn
379 1489 464 1565 hujus
486 1489 599 1564 imperii
620 1489 777 1556 memoria3
795 1489 912 1563 justitiae
927 1507 1004 1556 vero,
1020 1501 1048 1546 et

145 1570 297 1642 aequitatis,
314 1581 355 1624 ‘et
379 1569 549 1625 innocentiae
565 1569 678 1636 multa:
701 1569 731 1623 in
754 1569 863 1642 primis,
886 1568 961 1641 quod
985 1568 1048 1642 ejus

144 1646 278 1720 aequitate
304 1647 408 1702 factum
433 1657 484 1715 est,
509 1667 594 1722 quum
618 1648 649 1704 in
677 1647 820 1703 communi
845 1647 940 1703 classe
969 1655 1049 1702 esset

147 1726 272 1782 Graeciae
293 1725 376 1782 simul
391 1745 455 1782 curn
470 1726 622 1795 Pausania,
637 1745 692 1800 quo
714 1726 787 1782 duce
804 1725 972 1782 Mardonius
988 1735 1048 1782 erat

144 1805 269 1879 fugatus,
284 1814 313 1861 ut
333 1823 442 1861 summa
467 1805 580 1879 imperii
602 1800 743 1862 maritimi
759 1805 793 1860 ab
817 1805 1047 1862 Lacedaemoniis

143 1881 343 1939 transferretur
358 1885 394 1939 ad
408 1883 614 1942 Athenienses.
656 1885 788 1957 Namque
811 1895 874 1940 ante
891 1884 920 1940 id
934 1897 1046 1958 ternpus
1069 1885 1086 1939 ³

144 1973 175 2018 et
188 1962 259 2018 mari
273 1973 302 2018 et
314 1975 390 2019 terra
404 1963 493 2018 duces
509 1973 589 2018 erant
605 1961 825 2018 Lacedaernonii.
863 1963 939 2020 Tum
953 1969 1049 2018 alitem

75 2086 79 2092 .
145 2051 174 2098 et
196 2041 415 2116 intemperantia
440 2041 600 2110 Pausaniae,
622 2051 650 2096 et
667 2041 779 2116 justitia
799 2039 903 2098 factum
925 2052 970 2098 est
984 2041 1048 2097 Ari·

145 2118 240 2189 stidis,
254 2132 285 2176 ut
299 2138 400 2176 omnes
415 2119 475 2176 fere
492 2119 622 2176 civitates
640 2119 761 2176 Graecite
776 2119 811 2176 ad
826 2119 1049 2176 Atheniensium

144 2199 315 2260 societatem
324 2219 356 2255 se
367 2199 554 2274 applicarent,
565 2209 593 2254 et
602 2198 739 2255 adversus
750 2197 882 2255 barbaros
891 2197 945 2254 hos
957 2198 1049 2254 duces

146 2277 308 2351 deligerent
323 2277 387 2334 sibi.

186 2357 242 2412 lll.
265 2353 350 2421 Quos
369 2375 425 2430 quo
450 2355 566 2412 facilius
589 2356 773 2430 repellerent,
797 2355 823 2412 si
846 2355 916 2411 sorte
942 2356 1049 2412 bellum
1073 2357 1085 2412 l
1141 2357 1145 2364 “

145 2452 283 2510 renovare
298 2445 477 2504 conarentur,
493 2435 528 2491 ad
550 2435 661 2492 classes
685 2433 867 2490 aedificandas
893 2433 1050 2490 exercitus·

147 2530 201 2583 que
214 2513 421 2586 comparandos
433 2525 567 2586 quantum
577 2513 708 2588 pecuniae
719 2531 837 2584 quaeque
847 2513 949 2567 civitas
961 2512 1051 2579 daret,

150 2589 294 2643 Aristides
309 2590 439 2644 delectus
460 2601 514 2656 est,
528 2592 576 2662 qui
591 2591 787 2656 constitueret,
803 2591 921 2664 ejusque
937 2587 1051 2644 arbitrio

150 2665 346 2738 quadringena
361 2677 389 2720 et
410 2665 557 2738 sexagena
575 2668 682 2726 talenta
702 2666 853 2737 quotannis
869 2667 974 2722 Delum
988 2677 1052 2724 sunt

151 2742 266 2798 collata.
309 2742 343 2798 ld
371 2741 447 2816 enim
472 2761 621 2798 commune
647 2743 777 2816 serarium
799 2762 865 2800 esse
893 2745 1049 2803 voluerunt.

152 2821 226 2886 Quae
241 2817 334 2891 omnis
356 2821 480 2894 pecunia
500 2832 616 2896 postero
630 2831 756 2895 ternpore
771 2821 899 2878 Athenas
917 2825 1051 2882 translata
1147 2883 1155 2900 ‚

149 2911 204 2958 est.
245 2899 321 2956 =Hic
346 2918 401 2972 qua
425 2899 511 2956 fuerit
535 2900 715 2969 abstinentia,
739 2902 846 2972 nullum
874 2914 919 2959 est
943 2903 1049 2960 certius
1069 2909 1087 2962 2

147 2979 296 3047 indicium,
311 2997 395 3052 quarn
415 2979 500 3054 quod,
515 2968 599 3053 qut'nn
621 2980 707 3038 tantis
729 2983 813 3054 rebus
834 2982 1005 3057 prefuisset,
1020 2984 1050 3040 iu

145 3070 224 3122 tanta
248 3069 414 3134 paupertate
438 3055 576 3130 decessit,
598 3071 636 3127 ut,
660 3059 708 3133 qui
732 3059 889 3130 effeiretur,
914 3063 965 3118 vix
984 3061 1051 3119 reli·

145 3138 262 3212 querit·
291 3139 355 3202 Quo
371 3137 476 3196 facturn
491 3150 545 3208 est,
556 3149 587 3195 ut
600 3139 667 3195 filiae
683 3139 745 3214 ejus
759 3141 874 3214 publico
897 3141 1050 3210 alerentur,
1070 3144 1088 3198 3

146 3218 225 3272 etde
242 3218 384 3272 communi
398 3218 497 3290 aerario
517 3218 630 3274 dotibus
640 3217 715 3273 datis
731 3219 949 3274 collocarentur.
992 3219 1050 3276 De-

147 3293 239 3350 cessit
262 3303 357 3348 autern
383 3294 443 3350 fere
468 3305 533 3369 post
555 3313 660 3350 anuum
687 3307 823 3368 quartum,
846 3315 931 3369 quam
980 3322 1016 3360 tn

147 3373 173 3430 T
176 3370 366 3428 hemistocles
378 3371 499 3428 Athenis
515 3383 576 3428 erat
591 3373 738 3446 expulsus,
958 3379 978 3408 ⁸·
990 3371 1014 3409 0·
1028 3381 1049 3410 ¹¹·
