2608 4300
382 397 506 463 XXIII.
550 407 577 474 5,
596 408 625 464 6.
670 399 877 482 (Hannibal.)
1040 409 1079 468 91

158 545 239 604 Hinc
255 549 288 606 in
306 551 455 626 Apuliam
471 555 610 630 pervenit.
646 552 689 610 Ibi
703 555 816 611 obviam
830 555 858 612 ei
872 566 1013 612 venerunt
1027 555 1083 614 duo
1103 561 1121 616 4

157 623 318 698 Consules,
335 631 373 688 C.
390 629 547 688 Terentius
562 643 590 690 et
611 629 648 689 L.
665 633 812 690 AEmilius.
855 633 1013 711 Utriusque
1032 653 1080 691 ex-

155 707 271 763 ercitus
288 727 354 766 uno
368 712 474 786 proelio
490 710 602 787 fugavit
611 730 620 782 ;
644 711 780 769 Paullum
795 713 943 770 consulem
965 713 1080 783 occidit,

155 792 184 838 et
210 785 332 862 aliquot
360 800 501 864 praeterea
521 789 698 860 consulares,
720 790 751 847 iu
776 791 820 848 his
843 791 897 853 Cu.
921 791 1079 849 Servilium

155 860 339 936 Geminum,
356 869 407 942 qui
422 885 496 924 anuo
510 870 658 944 superiore
674 868 768 926 suerat
782 871 892 927 consul.

158 997 163 1000 .
195 941 237 999 V.
263 943 340 1003 Hac
367 965 466 1024 pugna
490 959 618 1024 pugnata
639 946 761 1007 Rumam
776 948 921 1025 profectus
935 948 1078 1018 est,nullo
1101 955 1115 1008 1
1177 937 1190 962 ⁸

154 1032 330 1080 resistente.
376 1025 408 1083 Iu
434 1027 599 1101 propinquis
621 1027 701 1083 urbis
726 1027 868 1084 montibus
883 1038 1009 1085 moratus
1023 1039 1076 1086 est.

99 1123 109 1134 ·
154 1098 262 1161 Quum
280 1103 396 1180 aliquot
416 1105 455 1160 ibi
476 1105 537 1162 dies
552 1115 648 1162 castra
663 1105 819 1174 habuisset,
834 1115 862 1162 at
887 1116 1079 1163 reverteretur

154 1176 319 1254 Capuam3
349 1183 387 1248 Q.
402 1183 512 1240 Fabius
538 1182 694 1252 Maximus,
721 1183 842 1242 dictator
867 1183 1024 1252 Romanus,
1049 1185 1078 1240 in

155 1274 229 1331 agro
245 1257 382 1318 Falerno
397 1282 428 1320 se
443 1263 469 1319 ei
493 1262 608 1339 objecit.
650 1261 709 1318 Hic
730 1263 849 1319 clausus
874 1263 1003 1319 locorum
1029 1282 1077 1319 au·
1099 1269 1117 1321 2

155 1339 266 1408 gustiis
282 1350 375 1396 noctu
397 1342 458 1398 sine
475 1341 534 1397 ullo
555 1339 725 1398 detrimento
740 1342 886 1398 exercitus
907 1361 938 1397 se
963 1342 1077 1416 expedi-

156 1414 220 1486 vit;
246 1415 355 1488 Fabi0,
372 1419 559 1476 callidissimo
573 1421 747 1495 imperatori,
763 1420 851 1476 verba
866 1419 951 1476 dedit.
988 1419 1076 1477 Nam-

158 1510 217 1565 que
244 1497 377 1554 obducta
401 1509 484 1555 nocte
509 1509 655 1554 sarmenta
675 1499 705 1554 in
727 1499 863 1556 cornibus
884 1499 1076 1574 juveneorum

157 1568 292 1648 deligata
308 1577 446 1645 incendit,
458 1569 579 1653 ejusque
593 1577 709 1654 generis
719 1577 932 1633 multitudinem
942 1595 1077 1653 magnam

158 1647 340 1726 dispalatam
355 1655 484 1712 immisit.
520 1655 587 1720 Quo
602 1657 749 1730 repentino
762 1656 876 1731 objectu
892 1657 952 1713 viso
966 1667 1076 1714 tantum

157 1736 308 1789 terrorem
331 1734 430 1809 injecit
450 1735 589 1792 exercitui
606 1733 811 1804 Romanorum,
828 1746 858 1792 ut
879 1734 978 1812 egredi
992 1745 1075 1792 extra

157 1808 280 1866 vallum
295 1831 380 1868 nemo
394 1813 431 1869 sit
446 1831 543 1870 ausus.
586 1812 673 1869 Hano
688 1822 748 1887 post
763 1831 823 1870 rem
838 1825 949 1891 gestam
964 1833 1019 1871 non
1035 1815 1074 1871 ita
1095 1819 1113 1872 3

159 1888 268 1960 multis
292 1891 394 1948 diebus
420 1889 461 1947 M.
486 1891 649 1948 Minucium
674 1890 794 1961 Rufum,
809 1895 979 1969 magistrum
994 1893 1073 1968 equi-

160 1973 235 2036 tum,
265 1971 327 2045 pari
355 1989 390 2026 ao
420 1968 588 2028 dictatorem
610 1971 739 2045 imperio,
761 1971 823 2027 dolo
848 1973 1019 2048 productum
1044 1973 1074 2027 in

161 2047 312 2118 proelium,
329 2047 449 2125 fugavit.
493 2049 541 2106 Ti.
558 2049 758 2124 Sempronium
775 2049 952 2120 Gracchum,
968 2051 1073 2108 iterum

161 2126 326 2196 consulem,
342 2127 371 2182 in
387 2126 517 2184 Lucanis
538 2127 641 2184 absens
662 2127 691 2184 in
713 2128 831 2185 iusidias
846 2129 996 2186 inductum
1012 2147 1072 2185 sus-

162 2203 242 2262 tulit.
287 2205 328 2260 M.
344 2204 500 2264 Claudium
526 2206 710 2276 Marcellum,
736 2208 888 2283 quinquies
913 2207 1072 2274 consulem,

164 2283 242 2357 apud
269 2283 430 2341 Venusiam
456 2286 518 2360 pari
543 2285 626 2342 modo
648 2285 801 2343 interfecit.
859 2285 994 2364 Longum
1020 2295 1071 2352 ast,
1094 2289 1112 2342 4

164 2378 340 2419 enumerare
355 2364 468 2438 proelia.
511 2364 611 2429 Quare
626 2364 679 2420 hoc
695 2383 785 2420 unum
800 2364 868 2420 satis
882 2366 936 2420 erit
953 2363 1071 2430 dictum,

165 2457 201 2496 ex
216 2459 274 2514 quo
288 2441 411 2518 intelligi
433 2443 528 2518 possit,
543 2452 671 2518 quantus
691 2443 741 2499 ille
763 2443 867 2499 suerit:
889 2441 1028 2517 quamdiu
1043 2441 1073 2496 in

165 2516 250 2575 Italia
266 2519 328 2589 fuit,
344 2536 428 2576 nemo
443 2523 470 2578 ei
492 2523 522 2578 in
538 2523 603 2578 acie
618 2523 729 2589 restitit,
744 2540 841 2578 nemo·
853 2520 992 2576 adversus
1006 2537 1073 2574 eum

165 2608 227 2672 post
241 2597 422 2656 Cannensem
437 2619 564 2677 pugnam
579 2602 609 2656 in
623 2618 725 2674 campo
739 2609 835 2656 castra
850 2597 952 2673 posuit.
1011 2597 1014 2605 '

205 2676 259 2733 VI.
283 2677 341 2734 Hic
354 2678 481 2736 invictus
495 2681 617 2754 patriam
632 2677 787 2734 defensum
798 2685 949 2733 revocatus
964 2674 1071 2732 bellum
1094 2681 1109 2733 1

164 2757 255 2831 gessit
278 2756 416 2812 adversus
440 2757 471 2813 P.
491 2757 663 2832 Scipionem,
688 2755 781 2812 filium
803 2755 877 2829 ejus,
903 2773 989 2829 quem
1011 2755 1071 2830 ipse

165 2834 290 2908 primum
315 2835 391 2909 apud
415 2835 598 2904 Rhodanum,
614 2835 718 2891 iterum
745 2833 820 2910 apud
846 2831 965 2902 Padum,
988 2835 1071 2890 tertio

166 2912 242 2988 apud
265 2913 405 2970 Trebiam
429 2913 591 2990 fugaverat.
647 2913 722 2970 Cum
746 2913 807 2982 hoc,
836 2912 984 2969 exhaustis
1006 2912 1068 2987 jam
1091 2917 1109 2968 2

165 2991 265 3065 patriae
293 2991 489 3061 facultatibus,
518 2993 629 3067 cupivit
655 2993 685 3048 in
713 2993 937 3068 praesentiarum*
962 2990 1069 3048 bellum

164 3087 345 3145 componere,
368 3091 426 3147 quo
453 3071 593 3128 valentior
621 3081 717 3146 postea
746 3069 980 3146 congrederetur.
1037 3068 1069 3126 ln

165 3148 341 3224 colloquium
357 3151 499 3217 convenit,
515 3150 689 3206 conditiones
704 3167 759 3206 non
775 3159 981 3205 convenerunt.
1003 3147 1069 3206 Post
1090 3152 1108 3205 ³

165 3224 193 3281 id
209 3226 318 3284 factum
342 3229 444 3303 paucis
459 3227 559 3284 diebus
574 3227 649 3303 apud
672 3227 791 3283 Zamam
807 3245 874 3283 oum
890 3226 988 3283 eodem
1003 3246 1068 3284 con-

164 3305 254 3362 flixit:
278 3307 380 3382 pulsus
403 3306 586 3384 (incredibile
601 3305 695 3382 dictu)
718 3305 803 3362 biduo
818 3315 846 3361 et
868 3305 981 3362 duabus
1002 3325 1069 3362 noc-

164 3383 240 3441 tibus
254 3384 469 3441 Hadrumetum
484 3385 623 3460 pervenit,
637 3384 712 3459 quod
728 3385 807 3440 abest
821 3403 839 3439 a
849 3383 940 3440 Zama
955 3385 1070 3440 circiter

164 3462 256 3519 millia
281 3481 420 3539 passuum
442 3472 581 3521 trecenta.
623 3462 656 3518 In
679 3462 734 3517 hac
757 3460 827 3536 fuga
850 3461 997 3531 Numidae,
1019 3462 1109 3535 quid

164 3540 249 3597 simul
274 3560 343 3598 oum
365 3561 400 3598 eo
423 3559 457 3598 ex
481 3541 544 3597 acie
567 3550 759 3608 excesserant,
783 3540 907 3596 insidiati
930 3549 996 3596 sunt
1023 3539 1069 3595 ei:

164 3637 235 3692 quos
249 3637 306 3677 non
321 3619 415 3676 solum
430 3617 539 3695 effugit,
555 3617 604 3674 sed
620 3617 707 3673 etiam
731 3619 806 3692 ipsos
820 3618 968 3693 oppressit.
1011 3615 1071 3671 Ha-

164 3695 287 3754 drumeti
303 3699 430 3772 reliquos
443 3717 479 3754 ex
495 3695 565 3772 fuga
579 3695 711 3771 collegit:
733 3697 814 3752 novis
828 3693 988 3751 deleoubus
1002 3709 1070 3766 pau-

109 3773 117 3790 “
164 3774 207 3832 cis
221 3774 323 3833 diebus
337 3775 444 3832 multos
457 3773 609 3832 conuaxit.
