2608 4300
211 363 252 422 84
443 345 517 410 XX.
561 351 590 414 4,
606 346 635 402 5.
682 327 883 417 (Timoleon.)

209 525 227 565 a
242 503 434 564 fundamentis
448 497 579 573 disjecit3
603 499 701 549 cetera
721 480 885 560 tyrannidis
899 463 1126 553 propugnacula

210 583 362 643 demolitus
375 589 428 647 est,
443 577 576 648 deditque
590 584 719 646 operam,
734 575 766 619 ut
789 577 878 634 quam
894 551 1014 625 minime
1030 543 1127 636 multa

172 671 191 723 ⁴
211 661 332 736 vestigia
347 656 494 714 servitutis
508 655 669 708 manerent.
700 643 802 708 Quum
816 636 904 694 tantis
918 637 995 688 esset
1009 623 1126 699 oprbus,

211 750 244 798 ut
257 739 344 806 etiarn
358 735 455 792 invitis
470 733 612 805 imperare
627 731 739 800 posset3
762 726 875 774 tantum
891 703 1129 768 autemhaberet

212 833 339 875 amorem
353 812 483 870 omnium
498 806 674 870 Siculorum,
687 810 718 856 ut
732 796 814 853 nullo
828 796 984 848 recusante
1000 795 1128 856 regnum

212 895 369 950 obtineret:
391 888 494 944 maluit
507 905 537 941 se
552 873 644 958 diligi,
658 895 747 953 quam
763 871 862 929 metui.
905 867 1018 939 ltaque,
1035 873 1129 932 quum

212 973 338 1048 primum
353 968 451 1043 potuit,
468 963 621 1037 imperium
636 953 776 1032 deposuit,
792 960 819 1007 et
841 947 972 1022 privatus
994 939 1128 1027 Syracu-

174 1056 193 1108 5
214 1051 262 1118 sis,
277 1047 352 1124 quod
368 1046 513 1118 reliquum
528 1041 595 1096 vitae
617 1036 679 1102 suit,
696 1032 777 1090 vixit.
822 1027 929 1098 Neque
945 1013 1059 1075 veroid
1075 1030 1129 1068 rm-

214 1129 305 1204 perite
320 1125 398 1181 fecit.
435 1121 512 1178 Nam
528 1115 604 1192 quod
618 1112 707 1173 ceteri
723 1126 807 1184 reges
821 1101 944 1177 imperio
958 1100 1130 1180 potueruut,

215 1208 263 1264 hic
288 1200 488 1261 benevolentia
512 1195 613 1252 tenuit.
657 1187 776 1258 ,Nullus
801 1185 891 1242 honos
914 1177 984 1233 huic
1014 1168 1128 1236 defun3

215 1301 310 1358 neque
335 1287 432 1356 postea
457 1295 503 1332 res
526 1272 586 1328 ulla
612 1265 769 1344 Syracusis
794 1270 877 1337 gesta
891 1264 935 1312 est
949 1249 1078 1328 publice,
1094 1245 1131 1334 de

216 1379 275 1436 qua
303 1359 382 1434 prius
409 1356 445 1411 sit
472 1353 630 1415 decretum,
653 1362 741 1420 quam
766 1334 958 1397 Timoleontis
983 1333 1130 1385 sententia

178 1445 196 1496 6
218 1438 342 1513 cognita.
385 1431 506 1490 Nullius
530 1443 668 1500 umquam
683 1419 837 1478 consssium
862 1431 920 1469 non
942 1407 1026 1465 modo
1046 1411 1129 1490 'ante-

218 1517 319 1583 lotum,
334 1512 383 1569 sed
398 1529 434 1566 ne
449 1514 645 1582 comparatum
659 1499 776 1574 quidem
791 1504 844 1552 est.
871 1491 978 1563 Neque
994 1484 1023 1541 id
1036 1497 1132 1556 magis

218 1590 417 1649 benevolentia
432 1586 541 1643 factum
556 1590 607 1648 est,
623 1596 711 1653 quam
727 1573 891 1651 prudentia.

181 1677 196 1728 1
259 1669 313 1725 IV.
335 1667 393 1726 Hic
418 1681 508 1740 quum
523 1669 605 1716 aetete
623 1658 684 1732 jam
707 1662 862 1728 provectus
882 1655 968 1714 esset,
985 1643 1049 1699 sine
1071 1636 1132 1726 ullo

220 1745 318 1816 morbo
332 1745 442 1800 lumina
456 1739 607 1797 oculorum
618 1733 721 1790 amisit.
763 1730 860 1794 Quam
876 1723 1077 1784 calamitatem
1091 1726 1131 1770 na

220 1821 365 1877 moderate
380 1820 454 1887 tulit,
469 1827 501 1873 ut
525 1831 620 1886 neque
635 1829 703 1866 eum
724 1815 894 1881 querentem
909 1802 1066 1877 quisquam
1082 1811 1130 1848 au-

221 1898 314 1964 dierit,
330 1914 423 1969 neque
438 1915 471 1952 eo
488 1893 584 1949 minus
605 1887 724 1964 privatis
744 1884 928 1958 publicisque
943 1877 1031 1934 rebus
1046 1874 1131 1932 inter-

182 1981 201 2033 2
223 1974 319 2030 fuerit.
360 1972 504 2028 Veniebat
519 1978 614 2025 autem
635 1966 664 2020 in
681 1964 835 2028 theatrum,
851 1975 943 2034 quum
958 1955 998 2010 ibi
1013 1947 1132 2008 concili-

222 2069 272 2107 um
294 2048 391 2123 populi
415 2041 578 2112 haberetur,
602 2049 716 2118 propter
740 2037 937 2094 valetudinem
961 2039 1065 2097 vectus
1087 2026 1132 2100 ju-

222 2127 326 2184 mentis
348 2125 466 2199 junctis,
482 2121 575 2196 adque
599 2123 639 2176 ita
659 2119 695 2173 de
710 2114 853 2180 vehiculo,
868 2130 935 2186 quae
950 2108 1134 2170 videbantur,

222 2203 353 2272 dicebat3
376 2219 470 2274 nequa
492 2199 545 2254 hoc
570 2198 614 2252 illi
627 2197 780 2269 quisquam
804 2189 951 2246 tribuebat
976 2183 1132 2259 superbiae.

222 2280 305 2337 Nihil
331 2279 408 2335 enim
435 2294 573 2350 umquam
595 2291 688 2346 neque
709 2270 846 2335 insolens,
861 2283 957 2340 neque
976 2263 1134 2338 gloriosum

185 2364 203 2416 3
224 2377 260 2416 ex
274 2373 323 2415 ore
344 2356 407 2430 ejus
421 2353 500 2413 exiit.
542 2352 602 2416 Qui
615 2349 741 2423 quidem,
756 2364 849 2421 quum
873 2363 943 2400 suas
967 2339 1071 2396 laudes
1086 2355 1134 2393 au·
1190 2397 1195 2404 q

224 2436 297 2492 diret
311 2431 471 2510 praedicari,
486 2446 645 2502 numquam
660 2425 740 2480 aliud
759 2424 839 2490 dixit,
856 2439 945 2495 quam
961 2437 992 2475 se
1007 2418 1038 2471 in
1053 2435 1089 2472 ea
1104 2432 1135 2469 re

225 2514 367 2568 maximas
391 2509 445 2565 diis
467 2507 576 2582 gratias
597 2511 783 2578 agerentque
809 2500 927 2566 habere,
943 2493 1029 2571 quod,
1045 2509 1136 2566 quum

226 2590 357 2646 Siciliam
372 2601 504 2643 recreare
519 2581 739 2646 constituissent,
756 2586 819 2633 tum
833 2596 864 2632 se
887 2573 1071 2650 potissimum
1086 2567 1135 2624 du-

187 2672 292 2723 40em
313 2684 376 2722 esse
397 2662 564 2720 voluissent.
606 2656 688 2712 Nihil
712 2656 790 2711 enim
814 2671 914 2709 rerum
937 2652 1136 2707 humanarum

227 2744 288 2798 sine
310 2741 428 2797 deorum
450 2738 568 2795 numine
592 2734 656 2809 geri
680 2732 809 2807 putabat.
851 2730 953 2803 ltaque
977 2745 1040 2782 suae
1063 2723 1137 2780 domi

227 2817 368 2949 popellum
389 2815 564 2886 Αὐτοματίας
577 2810 772 2877 constituerat,
788 2807 875 2882 idque
892 2805 1079 2863 sanctissime
1094 2820 1136 2856 co-

240 2913 256 2950 e
278 2902 315 2948 at.

191 2976 206 3027 1
269 2969 307 3024 V.
330 2969 377 3025 Ad
392 2970 467 3025 hano
481 2967 602 3023 hominis
611 2962 804 3020 excellentem
819 2961 978 3017 bonitatem
990 2956 1138 3014 mirabiles

229 3055 415 3103 accesserunt
443 3063 539 3100 casus.
589 3041 668 3098 Nam
694 3039 798 3112 proelia
821 3038 951 3094 maxima
975 3035 1069 3104 natali
1096 3033 1139 3088 die

228 3140 282 3176 suo
296 3122 364 3178 fecit
377 3122 489 3178 omnia:
511 3138 567 3194 quo
582 3117 690 3172 factum
705 3124 757 3183 est,
773 3125 804 3171 ut
829 3115 894 3189 ejus
908 3114 987 3169 diem
1012 3111 1138 3167 natalem

191 3203 210 3254 2
231 3196 335 3251 festum
350 3199 468 3252 haberet
481 3199 617 3251 universa
631 3193 743 3248 Sicilia.
786 3191 866 3246 Huic
880 3191 1002 3265 quidam
1020 3188 1137 3244 Lamos·

230 3273 297 3338 tius,¹
312 3272 396 3326 homo
408 3272 540 3345 petulans
554 3280 582 3325 et
601 3271 743 3343 ingratuS,
759 3267 958 3324 vadimonium
972 3283 1068 3340 quum
1083 3264 1137 3320 vel-

231 3347 271 3402 let
292 3347 447 3420 imponere,
472 3345 546 3419 quod
571 3363 638 3401 oum
664 3344 713 3400 illo
727 3363 758 3399 se
781 3343 847 3418 lege
870 3363 959 3418 agere
980 3343 1138 3410 diceret,et

231 3422 394 3495 complures
409 3422 630 3488 concurrissent,
646 3420 696 3493 qui
717 3421 924 3492 procacitatem
939 3421 1068 3476 hominis
1082 3437 1137 3474 ma.

232 3499 317 3553 nibus
331 3505 465 3552 coercere
480 3505 671 3550 conarentur:
693 3495 845 3550 Timoleon
867 3498 963 3552 oravit
977 3515 1090 3562 omnes,
1105 3514 1138 3550 ne

232 3573 261 3629 id
276 3571 413 3629 facerent.
450 3571 585 3642 Namque
597 3570 624 3624 id
641 3580 672 3626 ut
686 3570 833 3627 Lamestio
847 3574 1014 3648 ceterisque
1028 3573 1138 3640 liceret,

232 3668 263 3705 se
278 3649 418 3706 maximos
432 3647 543 3703 labores
557 3661 727 3719 summaque
741 3647 846 3704 adiisse
866 3650 1011 3724 pericula.
1055 3649 1139 3706 Hanc
