2608 4300
337 400 395 461 'lI.
433 408 462 474 ἓ,
480 407 508 462 3.
546 399 809 478 (Themistocles)
1002 404 1038 460 15

143 548 283 606 serviens.
325 547 446 602 Multum
457 547 486 601 in
498 545 617 620 judiciis
631 546 747 619 privatis
759 547 940 609 versabatur;
963 561 1040 618 saepe

142 627 173 682 in
188 626 359 681 concionem
378 625 477 698 populi
494 624 641 698 prodibat;
663 625 740 679 nulla
757 643 803 680 res
823 625 911 698 nrajor
925 624 989 678 sine
1004 639 1040 678 eo

142 707 303 779 gerebatur,
335 703 533 774 celeriterque,
564 721 625 773 quaa
653 721 723 775 opus
753 713 840 769 erant,
868 702 1038 776 reperiebat.

142 783 246 854 Neque
261 783 357 837 minus
372 781 400 848 in
416 781 500 835 rebus
522 781 656 853 gerendis
677 793 811 852 promtus,
826 799 909 853 quam
924 777 1039 854 excogi·
1061 781 1079 834 4

141 861 246 929 tendis,
262 870 332 927 erat,
347 857 423 930 quod
444 867 472 912 et
491 858 526 912 de
546 858 714 914 instantibus
730 861 772 932 (ut
786 859 825 914 ait
839 857 1040 932 Thucydides)

142 938 295 994 verissime
314 936 471 1012 judicabat,
487 946 515 990 et
533 935 567 990 de
587 935 686 990 suturis
703 935 888 991 callidissime
905 936 1041 1010 conjicie-

140 1018 199 1072 bat.
243 1016 309 1080 Quo
324 1015 435 1070 factum,
446 1023 499 1080 est,
513 1023 543 1068 ut
557 1013 636 1068 brevi
651 1024 775 1085 ternpore
790 1013 987 1071 illustraretur.

182 1093 224 1150 Il.
255 1094 368 1150 Primus
384 1103 479 1147 autem
493 1091 597 1164 gradus
612 1089 664 1146 suit
678 1093 861 1164 capessendae
875 1091 1041 1166 reipublice
1064 1097 1078 1148 1

139 1173 220 1228 bello
244 1171 414 1245 Corcyraeo:
442 1169 577 1242 ad'quod
598 1169 754 1243 gerendum
777 1181 877 1242 praetor
897 1190 914 1225 a
937 1171 1042 1244 populo

140 1251 236 1306 sactus
251 1268 307 1305 non
322 1250 414 1305 solum
428 1248 562 1322 praesenti
577 1248 663 1315 bello,
679 1248 731 1302 sed
751 1249 835 1304 etiam
850 1248 959 1320 reliquo
974 1261 1042 1304 tem·

141 1348 213 1404 pore
229 1328 397 1384 ferociorem
412 1325 535 1382 reddidit
551 1326 706 1382 civitatem.
732 1326 807 1382 Nam
821 1345 905 1398 quum
920 1327 1043 1400 pecunia
1061 1332 1080 1384 2

140 1406 269 1482 publica,
291 1425 351 1479 quae
375 1423 412 1461 ex
433 1404 557 1461 metallis
581 1405 701 1472 redibat,
722 1404 872 1478 largitione
897 1404 1044 1477 magistra·

141 1497 223 1541 tuum
237 1485 386 1558 quotannis
400 1483 537 1550 interiret,
552 1484 602 1538 ille
616 1483 760 1558 persuasit
773 1483 887 1557 populo,
901 1493 931 1538 ut
946 1487 980 1538 ea
996 1501 1044 1554 pe-

143 1563 232 1620 cunia
243 1563 346 1618 classis
359 1572 472 1618 centurn
484 1561 601 1617 navium
613 1561 809 1618 aedihcaretur.
834 1561 898 1626 Qua
910 1561 1044 1618 celeriter
1065 1566 1081 1618 3

142 1642 262 1709 effecta,
273 1641 392 1713 primum
404 1640 570 1714 Corcyraea
582 1640 676 1714 fregit,
688 1640 792 1695 deinde
804 1640 959 1696 maritimos
974 1658 1044 1713 prae·

142 1721 238 1776 dones
261 1719 452 1776 consectando
473 1725 549 1774 mare
573 1729 661 1774 tutum
683 1717 815 1774 reddidit.
857 1719 891 1776 ln
911 1737 966 1790 quo
985 1729 1042 1774 turn

143 1798 255 1858 divitiis
267 1797 385 1866 ornavit,
396 1809 454 1854 tum
466 1797 552 1854 etiam
562 1797 752 1870 peritissimos
768 1797 836 1854 belli
847 1799 957 1854 navalis
974 1797 1043 1854 sccit

144 1875 370 1937 Athenienses,
393 1875 427 1932 Id
452 1887 561 1953 quantes
586 1876 671 1932 saluti
695 1875 780 1932 suerit
802 1876 941 1932 universae
964 1877 1080 1934 Grae-4

144 1955 208 2021 ciae,
223 1953 298 2010 bello
314 1955 459 2028 cognitum
473 1963 517 2010 est
540 1954 670 2022 Persice,
684 1973 769 2026 quum
792 1955 906 2011 Xerxes
925 1965 954 2010 et
971 1955 1041 2012 mari

145 2045 175 2088 et
194 2044 267 2088 terra
290 2034 396 2088 bellum
416 2033 557 2088 universa
578 2033 694 2090 inferret
716 2033 838 2106 Europae
859 2051 924 2090 cum
987 2059 1022 2098 421

144 2111 230 2167 tantis
246 2111 347 2185 copiis,
362 2121 482 2184 quantas
497 2129 589 2183 neque
606 2123 699 2179 antea,
715 2129 808 2184 neque
823 2123 924 2186 postea
962 2110 1014 2147 Μ’·
1024 2121 1044 2148 ¹¹·

145 2190 243 2246 habuit
256 2190 434 2263 quisquam.
457 2190 551 2266 Hujus
572 2190 648 2246 enim
668 2190 772 2245 classis
791 2191 869 2246 mille
890 2201 918 2245 et
936 2189 1042 2246 ducen·
1064 2193 1081 2243 5

145 2280 236 2324 tarum
248 2269 363 2324 navium
382 2271 531 2343 longarum
551 2268 614 2335 suit,
627 2287 712 2340 quam
726 2267 781 2324 duo
801 2268 881 2324 milia
900 2269 1042 2324 oneraria·

145 2365 206 2402 rum
230 2350 437 2420 sequebantur;
472 2358 624 2403 terrestres
650 2357 743 2402 autern
768 2345 911 2402 exercitus
937 2346 1042 2419 septin-

146 2436 292 2498 gentorum
319 2426 426 2482 milium
459 2426 595 2500 pediturn,
622 2424 746 2498 equitum
773 2425 1044 2498 quadringentorum

94 2554 97 2559 .
145 2503 254 2560 ‘milium
275 2503 396 2560 suerunt.
439 2507 528 2579 Cujus
543 2506 578 2560 de
594 2505 718 2560 adventu
731 2522 817 2576 quum
831 2503 906 2558 sama
920 2502 948 2556 'nr
966 2503 1043 2558 Gra·
1064 2509 1082 2558 ti

146 2582 222 2636 ciam
233 2593 313 2636 esset
326 2584 442 2654 perlata,
455 2593 484 2637 et
497 2585 618 2638 manuue
632 2583 827 2638 Athenienses
843 2579 902 2653 peti
914 2579 1044 2636 diceren-

146 2669 328 2734 turpropter
350 2677 473 2731 pugnam
496 2653 891 2732 tlarathouiam{irriserant
914 2657 1043 2733 Delphos

147 2737 320 2798 consultum,
332 2736 463 2807 quidnam
480 2735 604 2794 facerent
619 2739 654 2794 dc
670 2741 755 2794 rebus
771 2735 841 2793 suis.
875 2735 1043 2793 Deliberan-

147 2816 225 2870 tibus
242 2811 346 2886 Pythia
360 2815 515 2888 respondit,
529 2826 559 2870 ut
572 2819 709 2872 mocruhus
725 2815 830 2892 ligneis
845 2834 877 2870 se
892 2815 1042 2872 munirent.

147 2893 182 2950 ld
211 2909 381 2965 responsum
407 2911 462 2967 quo
490 2894 608 2962 valeret,
637 2914 721 2966 quur
748 2894 923 2968 intelligeret
949 2901 1082 2964 nem0,7

146 2971 362 3028 Themistocles
380 2973 532 3048 persuasit,
548 2974 699 3030 consilium
715 2994 782 3029 esse
798 2972 951 3046 Apollinis,
966 2981 996 3029 ut
1015 2973 1045 3030 in

145 3069 237 3106 naves
249 3069 282 3106 se
294 3069 401 3125 suaque
413 3053 590 3109 conferrent:
617 3071 680 3110 euru
697 3053 773 3106 eninr
787 3069 804 3106 a
818 3051 872 3106 deo
887 3051 1044 3124 significari

81 3142 85 3147 '
145 3148 257 3186 murum
270 3129 407 3203 ligneum.
429 3131 496 3186 Tali
511 3131 634 3187 consitio
649 3131 775 3202 probate,
791 3129 895 3184 addunt
910 3129 945 3184 ad
960 3145 1043 3201 supe·
1065 3136 1083 3186 8

147 3207 237 3264 riores
249 3207 367 3262 totidem
376 3227 466 3264 naves
478 3211 619 3274 triremes,
632 3209 739 3278 suaque
751 3207 854 3272 omnia,
865 3224 925 3279 quae
937 3209 1044 3264 moveri

146 3296 287 3363 poterant,
310 3285 411 3358 partim
435 3287 589 3352 Salamina,
604 3283 706 3358 partim
723 3283 862 3340 Troezena
883 3295 1044 3358 asportant;

147 3382 245 3438 arcein
260 3363 457 3418 sacerdotibus
478 3362 635 3434 paucisque
655 3362 807 3436 majoribus
822 3373 898 3430 natu,
913 3382 946 3417 ac
962 3381 1046 3420 sacra

145 3438 328 3518 procuranda
342 3440 462 3507 tradunt,
476 3439 616 3511 reliquum
629 3439 764 3512 oppidum
778 3439 962 3512 relinquunt.-

98 3514 102 3521 ’
172 3519 245 3588 ΠΙ.
269 3517 365 3591 Hujus
375 3517 528 3572 consilium
539 3517 682 3590 plerisque
692 3516 854 3572 civitatibus
866 3517 1047 3590 displicebat,
1071 3525 1084 3576 1

147 3587 217 3655 etin
229 3608 306 3652 terra
317 3593 446 3650 dimicari
457 3593 549 3666 magis
563 3595 703 3666 placebat.
739 3596 837 3666 Itaque
848 3585 931 3650 missi
964 3632 983 3670 d·
992 3634 1004 3672 ὃ
1012 3609 1048 3684 ’ω

147 3672 404 3732 suutdelecticum
414 3672 555 3737 Leonida,
566 3671 931 3743 Lacedaemoniorumrege,
993 3683 1030 3728 ⁴8⁰

147 3751 415 3829 qni'l’herrnopjlas
426 3760 610 3822 occuparent,
618 3748 788 3820 longiusque
797 3747 932 3824 barbaros
969 3729 1053 3768 “¹⁰¹²
