2608 4300
253 413 294 472 52
504 403 595 466 XIII.
640 407 670 464 4.
722 401 940 481 (Timotheus.)

253 555 371 613 Samum
383 550 505 627 profecti
520 559 629 618 essent,
644 559 673 605 et
688 547 790 604 eodem
805 547 928 616 Chares,
938 546 1061 604 adventu
1077 547 1154 625 [illo-
1251 602 1252 613 ,

252 631 326 707 rum]
349 630 475 705 cognito,
495 647 560 686 cum
580 626 641 684 suis
663 626 755 701 copiis
778 626 1017 700 proficisceretur,
1031 644 1069 682 ne
1086 625 1155 699 quid

253 711 372 768 absente
387 727 420 764 se
436 704 723 808 gestumlgideretur:
747 704 861 772 accidit,
876 722 962 778 quum
980 704 1017 760 ad
1029 701 1154 761 insulam
1252 712 1253 719 ’

254 781 573 863 appropinquarentiit
593 801 697 858 magna
720 793 877 856 tempestas
901 781 1039 851 oriretur;
1070 801 1153 856 quam

254 867 361 923 evitare
373 864 429 920 duo
442 873 556 920 veteres
570 863 757 940 imperatores
768 861 837 939 utile
853 859 978 936 arbitrati
989 879 1072 916 suam
1080 860 1154 917 clas·

215 949 233 1001 4
255 962 317 1000 sem
330 951 561 1019 suppresserunt.
596 946 634 996 At
647 940 707 1008 ille,
718 935 952 1002 temerar'ia'usns
966 938 1087 1020 ratione,
1097 958 1174 1007 non„

255 1021 346 1078 cessit
355 1021 493 1095 majorum
502 1029 570 1076 natu
584 1017 752 1086 auctoritati,
762 1027 839 1086 et,ut
852 1017 878 1073 si
892 1017 923 1073 in
931 1033 986 1073 sua
995 1017 1064 1073 navi
1076 1028 1155 1074 esset

255 1099 444 1173 fortunaque
465 1097 659 1165 contenderat,
674 1095 815 1176 pervenit,
831 1095 988 1168 eodemque
1007 1105 1038 1150 ut
1052 1115 1155 1168 seque·

255 1188 361 1246 rentur,
388 1177 424 1234 ad
449 1169 633 1232 Timotheum
661 1184 690 1230 et
714 1169 888 1247 Iphicratem
911 1173 1041 1230 nuntium
1066 1174 1154 1230 misit,

256 1256 425 1326 Hinc,male
437 1273 468 1310 ra
478 1265 570 1328 gesta,
580 1253 771 1328 compluribus
781 1252 896 1308 amissis
904 1253 1036 1322 navibuS,
1043 1251 1155 1322 eodem,

256 1334 331 1392 unda
346 1344 407 1390 erat
419 1331 575 1409 profectus,
590 1351 623 1388 se
637 1330 757 1406 recepit,
766 1331 932 1404 litterasque
946 1329 1075 1387 Athenas
1087 1332 1156 1405 pub·

256 1413 315 1471 lice
328 1411 415 1481 misit,
437 1410 493 1467 sibi
515 1409 642 1486 proclive
668 1408 770 1478 luisse,
794 1409 911 1465 Samum
925 1427 1041 1485 capere,
1059 1409 1118 1465 nisi
1138 1429 1157 1466 a

218 1498 236 1550 5
257 1491 412 1548 Timotheo
427 1499 456 1546 et
470 1488 614 1563 Iphicrate
627 1488 758 1545 desertus
774 1497 862 1544 esset.
905 1487 963 1564 [Ob
978 1506 1042 1544 eam
1056 1488 1157 1546 remin

258 1570 367 1627 crimen
380 1567 575 1642 vocabantur]
618 1567 746 1641 Populus
767 1585 844 1634 acer,
865 1564 1011 1641 suspicax,
1051 1567 1156 1651 philis,

258 1646 448 1714 adversarius,
472 1645 586 1702 invidus
611 1646 697 1702 etiam
720 1645 864 1719 potentiae,
888 1645 1018 1700 domum·
1056 1647 1156 1714 theat3

258 1723 614 1798 accusanturproditionis.
634 1723 701 1781 Hoc
707 1713 1157 1799 judic'iodamnaturTimotheus,

258 1805 350 1878 lisque
366 1805 428 1880 ejus
444 1802 597 1858 estimatur
610 1811 725 1858 centum
739 1802 865 1859 talentis.
906 1801 971 1870 Ille,
983 1801 1050 1859 odio'
1063 1802 1157 1878 ingra-

258 1893 294 1940 tae
309 1881 433 1938 civitatis
448 1890 575 1948 coactuS,
591 1879 762 1937 Chalcidem
776 1899 808 1936 se
824 1880 951 1937 contulit.

126 1983 129 1992 ‘
222 1966 234 2019 l
298 1960 351 2017 IV.
374 1959 469 2035 Hujus
494 1964 700 2032 postmortem
721 1977 806 2031 quum
829 1958 1156 2035 populumjudicii,sui

207 2069 211 2080 .
258 2038 418 2115 poeniteret,
427 2038 521 2094 multra
532 2055 634 2094 novem
648 2048 744 2112 partes
753 2037 884 2104 detraxit,
895 2047 924 2093 et
935 2037 1039 2094 decem
1049 2039 1158 2094 talenta

260 2119 418 2186 Cononem,
432 2115 522 2172 filium
533 2116 605 2191 ejus,
615 2115 651 2172 ad
661 2115 734 2172 muri
744 2116 894 2188 quamdam
905 2126 1014 2190 partem
1025 2117 1156 2174 reficien-

259 2195 325 2252 dam
335 2195 421 2270 jussit
441 2195 519 2250 dare.
560 2194 595 2250 In
615 2213 670 2268 quo
683 2194 802 2251 sortunae
822 2193 945 2250 varietas
966 2205 1012 2251 est
1032 2195 1157 2251 animad-

259 2293 353 2331 versa.
388 2273 464 2330 Nam
475 2291 545 2345 quos
561 2269 631 2330 ailus
647 2273 748 2330 Conon
762 2291 857 2329 muros
873 2291 910 2328 ex
924 2273 1049 2330 hostium
1062 2273 1158 2349 praeda
1200 2323 1204 2327 .

260 2352 357 2428 patriae
371 2352 542 2420 restituerat,
557 2351 675 2408 eosdem
688 2369 790 2426 nepos,
802 2371 867 2408 cum
882 2371 991 2408 summa
1001 2351 1158 2427 ignominia

220 2437 238 2489 2
261 2431 384 2499 lauriliae,
396 2449 433 2487 ex
448 2448 500 2486 sua
513 2448 544 2485 re
555 2428 688 2486 familiari
702 2431 823 2486 reficere
838 2442 954 2486 coactu·
970 2442 1024 2488 est.
1059 2431 1157 2488 Time·

260 2509 320 2567 thei
335 2520 430 2566 autem
450 2507 601 2564 moderatae
623 2508 819 2582 sapientisque
833 2509 897 2565 vitae
916 2528 1001 2583 quum
1021 2511 1156 2584 pleraque

259 2589 403 2664 possimus
418 2587 545 2662 prolerre
559 2587 731 2656 testimonia,
746 2605 804 2644 uno
819 2579 924 2644 erimus
939 2587 1074 2656 contenti,
1083 2588 1158 2662 quod

261 2686 298 2723 ex
309 2685 344 2723 eo
353 2666 439 2724 facile
450 2665 555 2740 conjici
564 2667 675 2739 poterit,
684 2685 768 2740 quam
779 2685 862 2726 carus
875 2667 935 2724 suis
947 2665 1040 2723 luerit.
1063 2668 1157 2732 Quum

260 2745 383 2803 Athenis
395 2745 626 2802 adolescentulus
642 2763 758 2802 causam
772 2744 891 2814 diceret,
901 2763 958 2802 non
970 2746 1063 2802 solum
1072 2745 1157 2802 amici

260 2823 417 2898 privatique
431 2822 561 2897 hospites
583 2823 619 2880 ad
640 2843 705 2880 eum
726 2822 937 2884 defendendum
954 2835 1158 2892 convenerunt,

261 2901 416 2958 sedetiam
435 2901 465 2957 in
487 2899 531 2957 eis
552 2901 641 2958 Jason
663 2914 810 2976 tyrannus,
824 2901 872 2976 qui
894 2899 945 2958 illo
965 2911 1091 2977 tempore
1106 2901 1159 2958 luit

222 2982 250 3036 3·
261 2979 385 3036 omnium
399 2978 624 3054 potentissimus.
660 2979 719 3037 Hic
731 2999 816 3053 quum
826 2981 855 3036 in
866 2981 958 3055 patria
972 2981 1034 3038 sine
1050 2980 1158 3038 satelli·

260 3059 335 3114 tibus
350 3067 483 3115 actutum
502 3073 560 3113 non
580 3057 768 3126 arbitraretur,
783 3058 912 3115 Athenas
934 3059 998 3116 sine
1017 3060 1075 3116 ulle
1088 3077 1158 3133 prte-

262 3135 337 3193 sidio
351 3135 439 3206 venit,
452 3136 578 3208 tantique
600 3134 743 3210 hospitem
757 3135 836 3204 fecit,
851 3148 881 3216 ut
894 3139 994 3194 mallet
1007 3157 1040 3194 se
1055 3137 1158 3212 capitis

262 3213 420 3289 periculum
448 3215 537 3283 adire,
557 3233 642 3288 quam
669 3213 823 3272 Timotheo
851 3215 887 3272 de
915 3215 990 3272 lama
1011 3215 1159 3273 dimicanti

206 3315 208 3318 ·
262 3292 377 3348 deesse.
410 3292 496 3350 Hunc
511 3296 653 3362 adversus
663 3306 757 3351 tamen
769 3293 939 3351 Timotheus
951 3306 1052 3369 postea
1060 3293 1159 3369 populi

258 3371 342 3446 jussu
355 3369 462 3426 bellum
476 3373 576 3445 gessit,
590 3372 743 3446 patriaque
758 3372 902 3430 sanctiora
912 3375 986 3449 jura,
1000 3392 1084 3447 quam
1093 3372 1160 3428 hos·

222 3454 241 3507 4
261 3448 333 3524 pitii,
348 3467 415 3504 esse
431 3448 519 3505 duxit.
561 3450 634 3506 Haec
656 3461 783 3507 extrema
796 3450 849 3508 fuit
869 3463 939 3509 aetas
960 3452 1161 3526 imperatorum

262 3526 491 3595 Atheniensium,
516 3527 678 3602 Iphicratis,
707 3529 848 3599 Chabriae,
872 3529 1036 3598 Timothei3
1065 3548 1160 3604 neque

262 3616 327 3680 post
348 3605 461 3661 illorum
484 3605 592 3662 obitum
624 3607 774 3680 quisquam
801 3607 859 3664 dux
891 3607 921 3663 in
941 3607 992 3664 illa
1013 3609 1083 3664 urbe
1108 3605 1176 3676 fuit,

261 3682 365 3758 dignus
379 3679 524 3740 memoria.
