2608 4300
414 329 520 394 XXII.
568 339 638 406 1‚2.
686 329 891 413 (Hamilcar.)
1061 337 1102 399 87

259 765 261 769 -
341 719 516 791 ΧΧΙΙ.
569 719 958 794 HAMILCAR.

235 1030 259 1087 1.
297 1027 458 1098 Hamilcar,
482 1027 655 1086 Hannibalis
673 1030 765 1110 filias,
791 1031 959 1106 cognomine
984 1031 1102 1100 Berces,
1126 1037 1140 1088 l

195 1109 456 1184 Carthaginiensis,
482 1109 573 1183 primo
598 1107 716 1165 Poenico
741 1107 825 1176 bello,
851 1107 900 1164 sed
928 1109 1103 1186 temporibus

156 1189 159 1192 ’
195 1189 346 1256 extremis,
370 1186 523 1244 admodum
547 1187 780 1244 adolescentulus
803 1187 831 1242 in
855 1186 956 1243 Sicilia
980 1205 1102 1264 praesse

196 1266 285 1340 coepit
300 1266 454 1322 exercitui.
496 1265 596 1329 Quum
611 1275 677 1321 ante
692 1266 757 1340 ejus
776 1264 931 1321 adventum
946 1277 974 1322 et
989 1266 1060 1322 mari
1074 1273 1102 1322 et
1123 1269 1142 1322 2

196 1351 276 1400 terra
297 1344 373 1409 male
396 1362 443 1399 res
457 1353 628 1418 gererentur
651 1343 945 1419 Carthaginiensium,
961 1345 1030 1418 ipse,
1054 1343 1102 1400 ubi

197 1421 288 1490 affuit,
296 1440 457 1498 numquam
467 1423 539 1478 hosti
554 1423 641 1478 cessit
655 1441 749 1497 neque
764 1423 860 1478 locum
870 1421 991 1478 nocendi
1005 1421 1100 1492 dedit;

196 1517 333 1574 saepeque
353 1501 528 1556 econtrario
548 1501 699 1556 occasione
719 1500 786 1556 data
809 1499 964 1568 lacessivit,
979 1517 1101 1576 semper-

196 1597 255 1652 que
268 1579 401 1652 superior
425 1578 565 1634 discessit.
607 1577 674 1644 Quo
697 1577 780 1647 facto,
795 1597 886 1653 quum
908 1596 988 1654 paene
1007 1577 1103 1634 omnia

196 1657 227 1711 in
242 1655 344 1713 Sicilia
359 1655 442 1713 Poeni
462 1657 632 1726 amisissent,
647 1657 697 1712 ille
712 1657 840 1732 Erycem
855 1657 898 1713 sic
922 1655 1054 1724 defendit,
1071 1665 1103 1712 ut

197 1733 307 1790 bellum
321 1754 355 1790 eo
370 1735 433 1791 loco
453 1746 567 1810 gestum
581 1753 636 1793 non
652 1735 808 1792 videretur.
851 1734 969 1792 Interim
983 1735 1101 1792 Cartha·
1123 1737 1141 1791 3

196 1813 352 1888 ginienses,
380 1813 475 1870 classe
501 1813 576 1888 apud
602 1814 712 1870 insulas
740 1813 859 1888 AEgates
879 1833 897 1870 a
917 1813 951 1870 C.
975 1813 1100 1880 Lutatio,

197 1892 318 1947 consule
343 1889 551 1960 Romanorum,
575 1892 711 1967 superati,
735 1901 897 1948 statuerunt
925 1892 991 1948 belli
1014 1892 1102 1948 finem

198 1967 305 2038 facere,
326 1989 449 2044 eamque
470 1987 532 2025 rem
547 1967 664 2026 arbitrio
686 1971 890 2044 permisserunt
914 1970 1100 2027 Hamilcaris.

197 2045 261 2115 Ille,
276 2049 330 2103 etsi
344 2047 486 2124 flagrabat
512 2047 636 2104 bellandi
656 2048 820 2124 cupiditate,
836 2059 932 2105 tamen
956 2049 1022 2124 paci
1044 2064 1101 2104 ser·

198 2126 336 2182 viandum
362 2127 482 2201 putavit,
511 2126 586 2200 quod
615 2127 737 2200 patriam
765 2126 934 2183 exhaustam
961 2125 1103 2182 sumtibus

198 2203 307 2261 diutius
329 2205 510 2261 calamitates
533 2204 600 2261 belli
624 2203 699 2261 ferre
725 2223 780 2261 non
805 2223 885 2278 posse
908 2204 1102 2280 intelligebat:

176 2299 178 2302 ·
198 2281 248 2338 sed
270 2283 319 2351 ita,
336 2292 368 2338 ut
386 2283 481 2338 statim
497 2292 592 2340 mente
614 2284 744 2359 agitaret,
760 2283 784 2338 si
805 2283 936 2356 paullum
960 2282 1043 2338 modo
1057 2299 1103 2336 res
1124 2283 1142 2336 4

199 2371 293 2416 essent
308 2359 432 2428 refectae,
445 2361 553 2416 bellum
569 2379 707 2418 renovare
723 2361 923 2435 Romanosque
939 2361 1027 2416 armis
1041 2376 1103 2434 per-

199 2439 290 2512 sequi,
306 2438 441 2496 donicum
457 2449 507 2494 aut
526 2447 603 2494 certe
618 2439 763 2507 vicissent,
779 2448 828 2494 aut
850 2440 917 2494 victi
940 2455 1043 2494 manus
1057 2435 1103 2490 de-

200 2516 315 2572 dissent.
359 2516 423 2573 Hoc
438 2517 557 2574 consilio
583 2535 684 2591 pacem
698 2516 873 2585 conciliavit,
888 2517 918 2570 in
941 2534 999 2590 qua
1023 2515 1143 2569 tantab

200 2593 253 2650 fuit
263 2593 379 2663 ferocia,
390 2613 480 2668 quum
490 2595 614 2651 Catulus
623 2603 742 2668 negaret
754 2593 862 2648 bellum
871 2593 1103 2667 compositurum,

199 2673 255 2728 nisi
269 2672 318 2728 ille
333 2691 400 2728 cum
415 2673 485 2740 suis,
497 2673 546 2746 qui
561 2672 691 2746 Erycem
706 2679 869 2738 tenuerunt,
886 2671 973 2726 armis
987 2670 1103 2739 relictis,

199 2750 301 2806 Sicilia
316 2749 495 2820 decederent,
512 2760 552 2819 ut,
566 2750 774 2806 succumbente
798 2749 898 2823 patria,
914 2749 976 2823 ,ipse
998 2750 1103 2824 peritu·
1124 2751 1142 2804 6

200 2846 264 2883 rum
286 2847 317 2884 se
342 2829 434 2902 potius
448 2828 560 2897 dixerit,
576 2846 664 2902 quarn
679 2847 746 2884 cum
770 2835 847 2884 tanto
868 2827 974 2903 flagitio
987 2827 1103 2884 domum

200 2906 314 2964 rediret.
355 2906 423 2962 Non
447 2907 524 2962 enim
549 2924 609 2961 suae
633 2925 696 2962 esse
718 2905 840 2973 virtutis,
862 2923 943 2961 arma
967 2925 984 2962 a
1012 2909 1104 2982 patria

201 2994 319 3059 accepta
344 2983 482 3040 adversus
507 2984 601 3040 hostes
625 2983 797 3042 adversariis
827 2984 950 3040 tradere.
1006 2983 1104 3060 Hujus

200 3062 365 3137 pertinaciae
379 3063 466 3118 cessit
479 3061 611 3118 Catulus.
682 3079 687 3082 ·

240 3138 278 3196 11.
301 3139 342 3196 At
367 3139 427 3207 ille,
450 3150 481 3196 ut
504 3139 710 3215 Carthaginem
730 3141 816 3208 venit,
839 3139 928 3195 multo
949 3138 1040 3207 aliter,
1067 3157 1102 3197 ac
1125 3145 1139 3198 1

201 3217 342 3292 sperabat,
358 3217 567 3291 rempublicam
582 3237 613 3272 se
628 3218 780 3274 habentem
794 3218 935 3292 cognovit.
967 3217 1102 3293 Namque

201 3294 389 3351 diuturnitate
403 3295 516 3351 externi
530 3294 600 3351 mali
621 3305 732 3352 tantum
747 3297 853 3351 exarsit
866 3296 1030 3352 intestinum
1045 3297 1101 3352 bel-

185 3372 273 3441 lum,
289 3382 319 3429 ut
340 3390 499 3446 numquam
525 3373 587 3446 pari
610 3373 739 3447 periculo
764 3371 850 3430 fuerit
873 3373 1026 3448 Carthago,
1048 3373 1104 3430 nisi

201 3469 292 3524 quum
306 3450 402 3506 deleta
416 3460 468 3506 est.
511 3449 608 3506 Primo
621 3452 795 3506 mercenarii
809 3451 923 3520 milites,
938 3453 988 3525 qui
1003 3450 1103 3506 adver·
1124 3455 1143 3506 2
1183 3471 1187 3477 ²

201 3546 252 3584 sus
276 3528 423 3584 Romanos
447 3526 569 3596 fuerant,
590 3527 790 3586 desciverunt:
820 3547 942 3603 quorum
966 3545 1105 3584 numerus
1188 3541 1191 3546 ·

202 3614 264 3662 erat
278 3605 381 3680 viginti
399 3604 532 3660 millium.
575 3603 615 3660 Hi
638 3615 724 3662 totam
739 3606 941 3662 abalienarunt
962 3603 1104 3671 Africam,

203 3683 294 3758 ipsam
316 3682 523 3758 Carthaginem
546 3693 758 3758 oppugnarunt.
800 3682 916 3747 Quibus
929 3681 1015 3738 malis
1036 3680 1145 3736 adeo'3
