2608 4300
494 395 518 456 I.
541 399 572 455 4.
596 394 798 472 (Miltiades.)
1054 399 1088 458 11

183 541 289 617 oppida
311 541 417 598 tuenda
441 541 617 609 tradidisset,
641 539 753 613 quibust,
779 559 811 596 se
837 558 987 616 oppresso,
1012 540 1092 598 nulla

183 639 252 694 spes
275 621 377 676 salutis
400 621 615 692 relinqueretur.
664 619 698 676 In
725 619 781 676 hoe
810 619 862 676 suit
889 630 947 676 tum
971 637 1092 678 numero

183 699 344 766 Miltiades,
357 698 404 753 eui
415 697 609 772 illa-custodia
624 697 801 754 crederetur*
832 698 891 759 Hic
900 717 986 772 quum
998 698 1091 754 crebri
1112 701 1130 756 3

183 777 321 832 afferrent
334 776 436 844 nuntii,
450 776 530 831 mala
545 793 605 831 rem
628 795 728 850 gerere
751 775 879 845 Darium,
894 777 1040 852 premique
1056 777 1092 834 ab

183 855 316 929 Scythia,
332 853 482 910 Miltiades
496 854 622 910 hortatus
639 865 684 910 est
697 854 791 929 pontis
804 857 948 924 eustodeS,
959 875 996 912 ne
1009 875 1026 912 a
1037 855 1092 912 sor·

181 943 251 989 tuna
270 933 367 988 datam
388 932 575 987 occasionem
592 932 746 988 liberandae
771 933 890 989 Graciae
907 934 1091 990 dimitterent.

183 1012 262 1068 Nam
284 1011 310 1066 si
334 1029 401 1066 curn
427 1009 475 1066 his
500 1009 602 1082 copiis,
625 1029 694 1082 quas
722 1029 822 1066 secum
844 1022 1092 1087 transportaverat,
1113 1015 1132 1068 4

182 1090 334 1146 interisset
356 1089 473 1156 Darius
487 1106 546 1144 non
568 1088 661 1144 solum
683 1088 828 1161 Europam
848 1090 907 1147 lore
929 1102 1025 1160 tutam,
1041 1091 1094 1147 sed

184 1169 273 1224 etiam
288 1186 348 1236 eos,
363 1167 411 1241 qui
425 1165 529 1225 Asiam
543 1165 705 1222 incolerent
718 1166 812 1222 Graeoi
827 1187 942 1238 genere,
957 1170 1062 1226 liberos
1077 1187 1095 1226 a

185 1246 341 1303 Persarum
355 1245 463 1302 futuros
484 1244 680 1300 dominatione
696 1254 725 1299 et
738 1245 876 1319 periculo
917 1247 951 1302 ld
966 1259 994 1302 et
1009 1247 1093 1302 facile

185 1325 264 1380 effici
284 1343 389 1398 posse;
411 1334 499 1397 ponte
522 1323 600 1380 enim
621 1321 761 1390 rescisso,
783 1341 882 1396 regem
902 1327 948 1380 vel
970 1323 1095 1380 hostium

185 1403 271 1471 ferro,
285 1404 331 1459 'vel
342 1403 440 1477 inopia
450 1402 553 1475 paucis
569 1401 671 1456 thebas
686 1399 874 1473 iraterimrum.
910 1402 1018 1469 Adhoc
1029 1421 1095 1458 con·
1116 1407 1135 1458 5

185 1481 285 1537 silium
298 1500 384 1553 quum
396 1481 526 1554 plerique
542 1480 728 1554 accederent,
744 1479 885 1536 Histiaeus
902 1481 1046 1550 Milesius,
1059 1499 1095 1538 ne

184 1579 235 1616 res
256 1561 453 1626 conficeretur,
475 1559 594 1625 obstitit,
620 1559 740 1615 dicens:
764 1577 822 1616 non
845 1559 922 1617 idem
944 1560 1025 1634 ipsis,
1047 1559 1096 1634 qui

185 1649 314 1694 summas
330 1635 442 1710 imperii
455 1649 596 1706 tenerent,
613 1637 751 1712 expedire
772 1649 801 1693 et
820 1639 1001 1708 multitudini,
1020 1636 1095 1712 quod

187 1715 273 1772 Darii
286 1734 374 1790 regno
388 1713 512 1789 ipsorum
535 1716 672 1772 niteretur
686 1715 860 1785 dominati03
882 1735 937 1792 quo
952 1719 1095 1774 exstincto

185 1793 268 1868 ipsos
290 1805 431 1868 potestate
455 1795 593 1867 expulsos
617 1795 727 1852 civibus
757 1797 818 1852 suis
843 1815 943 1871 peenas
968 1797 1094 1854 daturos.

186 1873 287 1946 Itaque
309 1873 382 1930 adeo
397 1891 430 1929 se
447 1873 602 1930 abhorrere
618 1893 633 1928 a
649 1883 809 1930 ceterorum
831 1876 962 1944 consilio,
977 1887 1007 1932 ut
1021 1875 1094 1932 nihil
1129 1883 1134 1890 “

185 1961 267 2025 putet
285 1951 356 2025 ipsis
378 1951 487 2019 utilius,
502 1970 586 2024 quam
609 1954 769 2008 continuari
789 1971 907 2028 regnum
928 1949 1093 2010 Persarum.

187 2030 284 2104 Hujus
298 2049 382 2103 quum
399 2031 572 2086 sententiam
585 2030 700 2105 plurimi
710 2043 809 2087 essent
820 2033 923 2100 secuti,
936 2033 1094 2101 Miltiades,
1117 2035 1135 2088 6

185 2126 245 2166 non
259 2109 469 2176 dubitassem
482 2109 579 2164 multis
595 2111 722 2166 consciis
736 2110 771 2166 ad
786 2109 864 2182 regis
876 2129 960 2167 aures
972 2111 1096 2168 consilia

186 2207 240 2244 sua
254 2197 434 2260 perventura,
447 2187 665 2244 Chersonesum
663 2189 800 2276 reliquit,
813 2208 846 2244 uc
858 2207 955 2245 rursus
966 2190 1095 2246 Athenas

186 2265 365 2340 demigravit
409 2267 499 2342 Cujus
521 2267 593 2322 ratio
615 2263 670 2322 etsi
687 2283 744 2322 nou
758 2267 856 2334 ιιι1ιι1ι,
871 2279 965 2323 tamen
980 2287 1097 2342 magno-

186 2363 256 2419 pere
272 2357 315 2400 est
326 2345 481 2414 laudanda,
496 2363 583 2418 quum
599 2344 718 2400 amicior
729 2344 855 2442 omnium
869 2345 1002 2414 libertati,
1012 2364 1097 2419 quam

186 2443 246 2482 suae
260 2423 344 2480 inerit
358 2423 592 2480 dominationi.¹
631 2453 636 2460 ·

228 2503 280 2558 Ν
297 2485 403 2558 Darius
418 2515 523 2571 auteur,
532 2521 617 2576 quum
629 2519 666 2558 ex
677 2501 812 2577 Europa'
805 2517 835 2558 in
849 2503 951 2558 Asiam
961 2501 1096 2570 redisset,
1120 2507 1133 2560 1

187 2580 364 2636 hortantibus
380 2581 491 2648 amicis,
500 2592 530 2636 ut
543 2581 687 2648 Gratiam
700 2582 848 2668 redigeret
862 2581 892 2635 in
906 2599 987 2636 suam
1000 2591 1096 2654 potes·

187 2669 286 2724 tatem,
301 2659 426 2714 classem
439 2659 658 2732 quingentarum
679 2659 794 2715 navium
809 2677 960 2732 comparat
964 2669 994 2726 rt
1012 2659 1096 2734 eiquo

191 2737 290 2792 Datim
303 2735 434 2809 praefecit
447 2746 475 2792 et
496 2737 723 2810 irtaphernem3
745 2736 849 2810 hisque
871 2737 995 2794 ducenta
1015 2737 1096 2812 pedi·

189 2825 260 2880 tum,
277 2813 379 2870 decem
401 2801 482 2873 milia
503 2827 627 2888 equitum
648 2815 743 2873 dedit:
769 2825 887 2872 causam
910 2815 1096 2886 interserens,

147 2950 151 2955 ,
189 2912 224 2950 se
236 2858 348 2950 hbstem
364 2905 478 2950 esset
440 2893 667 2952 atheniensibus
671 2895 770 3027 ,quod
776 2913 873 2952 eorum
889 2895 996 2952 auxilio
1008 2895 1096 2952 lones

189 2971 290 3028 Sardis
301 2984 524 3108 expugnassent,
536 2993 644 3046 suaque
656 2975 761 3048 praesul
763 2975 791 3036 iu
801 2973 1025 3030 interfecissent
1048 2973 1096 3032 Illi
1116 2979 1134 3030 2

187 3051 313 3126 praesec
294 3068 316 3108 ιι
330 3053 440 3125 regiis
425 3054 521 3109 classe
538 3053 574 3110 ad
590 3051 732 3108 Euboeam
741 3053 870 3126 appulsa,
880 3052 1097 3110 celeriterEre·

187 3130 270 3186 triam
285 3142 430 3204 ceperunt,
445 3149 603 3203 omnesque
626 3131 689 3204 ojus
711 3131 805 3204 gentis
821 3131 901 3186 cives
917 3129 1074 3204 abreptos
1066 3149 1097 3188 ιιι

189 3209 290 3292 {siam
304 3209 339 3264 ad
354 3205 453 3282 rigam
475 3212 623 3266 miserunt
666 3209 737 3264 inde
754 3209 795 3276 ad
815 3209 940 3264 Atticam
961 3227 1097 3266 accesse-

132 3325 139 3334 -
188 3295 263 3354 nuit,
276 3305 310 3340 ac
325 3305 392 3342 suas
408 3286 508 3360 copias
524 3286 552 3340 in
573 3305 705 3360 campum
726 3264 897 3342 Marathona
908 3287 1095 3344 deduxemnt

142 3357 146 3364 ’
189 3365 219 3420 ts
236 3364 318 3420 abest
332 3366 365 3418 ab
381 3361 488 3436 oppido
506 3363 622 3420 circiter
635 3365 715 3420 milia
728 3381 866 3438 passuum
881 3366 993 3421 decem.
1030 3364 1096 3422 Hoc
1118 3366 1136 3420 3

189 3443 290 3498 tumult
280 3453 310 3498 tu
325 3441 522 3500 Athenienses
537 3451 595 3498 tarn
615 3443 772 3518 propinquo
786 3453 899 3515 tamque
914 3459 1018 3530 magno
1032 3461 1097 3518 per·
1150 3475 1153 3482 ·

187 3521 259 3578 moti
274 3519 362 3576 auxili
353 3537 411 3574 ium
422 3537 570 3592 nusquam,
581 3521 638 3578 nisi
650 3540 667 3576 a
677 3519 916 3608 Lacedaemoniis,
925 3520 1097 3592 petiuemnt,

190 3597 452 3672 Phidippidemque
475 3615 619 3656 cursorem
639 3617 714 3684 epus
724 3597 850 3672 generis,
864 3598 912 3669 qui
933 3597 1098 3674 ἦμεςιόςόμιι

187 3683 339 3744 vo‹:,autur
361 3673 600 3732 Lacedaemonem
621 3669 769 3742 nuseium,
793 3687 824 3732 ut
842 3675 993 3738 nuntiaret,
1014 3692 1099 3747 quam

189 3755 283 3810 celeri
294 3761 365 3827 opus
378 3753 582 3808 essetauxilio
606 3753 693 3810 Lomr
702 3761 796 3806 autem
808 3759 907 3804 creant
918 3749 1021 3803 decem
1029 3767 1099 3819 prae
1119 3750 1138 3797 t
