2608 4300
245 371 286 430 62
434 326 508 430 th.
553 365 585 439 5,
598 373 627 429 6.
674 363 954 448 (Epaminondas.)

243 536 317 588 mus,
334 535 457 594 quorum
478 519 632 594 separatim
651 519 748 576 multis
768 517 898 575 millibus
912 536 1051 578 versuum
1071 538 1148 578 com.

242 596 341 672 plures
352 598 507 672 scriptores
522 609 588 655 ante
602 616 653 654 nos
667 598 859 672 explicarunt.

204 680 220 734 1
283 675 322 732 V.
345 675 413 732 Fuit
427 676 513 732 etiam
528 675 658 744 disertus,
674 686 705 732 ut
720 675 845 734 nemaei
859 675 1018 734 Thebanus
1037 696 1090 753 par
1104 698 1147 736 es-

242 762 285 810 set
299 753 479 829 eloquentia:
500 772 594 829 neque
616 755 711 811 minus
725 755 884 812 concinnus
903 755 933 810 in
948 755 1088 814 brevitate
1103 776 1147 814 re-

203 835 223 888 2
243 832 406 908 spondendi,
422 851 509 907 quam
530 834 560 888 in
574 842 712 908 perpetua
725 834 851 890 oratione
866 842 994 890 ornatus.
1036 833 1149 892 Habuit

242 910 460 968 obtrectatorem
482 910 674 968 Meneclidam
694 911 857 986 quemdam,
879 910 1005 968 indidem
1027 912 1147 984 Thebis,

242 997 271 1044 et
283 989 482 1054 &versarium
495 991 525 1045 in
540 989 763 1046 administranda
778 989 934 1064 republica,
954 992 1023 1047 satis
1037 993 1147 1048 exerci-

243 1076 334 1124 tatum
352 1069 382 1124 in
396 1068 525 1137 dicendo,
541 1077 572 1124 ut
593 1067 764 1125 Thebanum
779 1069 901 1126 scilicet.
943 1068 1080 1143 Namque
1103 1067 1148 1126 illi

204 1147 222 1200 3
243 1146 322 1221 genti
343 1147 408 1222 plus
424 1147 498 1204 ineat
512 1147 627 1224 virium,
649 1161 735 1220 qiam
751 1147 869 1222 ingenii.
912 1145 949 1215 ls,
965 1147 1040 1222 quod
1061 1149 1092 1203 in
1114 1166 1147 1205 re

242 1225 361 1282 militari
386 1225 487 1282 llorere
508 1225 737 1300 Epaminondam
756 1225 879 1294 videbat,
905 1225 1013 1282 hortari
1037 1225 1148 1284 solebat

243 1301 405 1372 Thebanae,
421 1315 452 1361 ut
474 1323 575 1379 paoem
590 1304 664 1360 bello
681 1302 863 1372 anteferrent,
879 1322 915 1360 ne
930 1304 1009 1360 illius
1023 1306 1145 1380 impera-

242 1383 311 1439 toris
321 1401 409 1458 opera
423 1383 644 1440 desideraretur.
687 1381 766 1438 Huic
777 1381 836 1450 1116,
852 1380 953 1452 Follis,
968 1383 1069 1457 inquit,
1084 1403 1145 1441 ver-

243 1460 275 1517 bo
296 1464 370 1519 cives
385 1473 454 1530 taos,
474 1463 546 1536 qnod
561 1463 609 1518 bos
627 1480 646 1517 o
661 1461 729 1518 bollo
743 1479 864 1517 avocas:
885 1464 935 1516 otii
955 1463 1025 1517 enirn
1039 1466 1146 1520 nomino

202 1542 398 1598 dsernitntem
420 1543 561 1598 concilias.
611 1537 687 1596 Nom
706 1541 819 1614 paritur
838 1557 895 1612 pan
919 1539 997 1596 hetto.
1048 1539 1145 1616 Itaque

242 1621 289 1692 qui
311 1621 473 1676 radiatim
495 1620 589 1683 voluat
597 1617 676 1694 frui,
702 1619 770 1676 bollo
792 1621 934 1675 exorcitati
955 1637 1015 1676 ease
1037 1619 1144 1676 debent.

245 1695 341 1768 Quare
361 1700 388 1754 si
403 1700 545 1773 principes
568 1696 682 1754 Gracia
700 1714 759 1754 esse
778 1697 870 1764 nultra,
886 1701 987 1753 castris
1007 1707 1048 1755 cst
1069 1698 1146 1754 vobis

202 1775 379 1844 autentum,
407 1795 461 1832 nort
484 1777 627 1849 palestra.
671 1775 749 1832 Idem
774 1775 823 1832 ille
849 1774 1026 1832 Meneclides
1054 1795 1144 1852 quum

241 1853 311 1910 huic
325 1854 469 1928 objiceret,
485 1854 560 1929 quod
579 1853 683 1910 liberos
697 1872 753 1920 non
774 1853 900 1922 haberet,
917 1872 1009 1928 neque
1025 1874 1146 1912 uxorem

241 1930 389 2002 duxisset3
413 1935 594 2007 maximeque
612 1933 800 2000 insolentiam,
822 1932 897 2008 quod
912 1932 965 1988 sihi
988 1934 1144 2009 Agamem-

241 2011 324 2066 nonis
339 2010 406 2067 belli
420 2011 542 2087 gloriam
552 2011 698 2068 videretur
712 2021 901 2067 consecutus:
923 2021 960 2080 at,
971 2012 1030 2080 1116,
1039 2013 1143 2082 desine,

235 2088 342 2162 inquit,
357 2087 525 2159 Meneclido,
536 2091 569 2148 de
583 2108 667 2146 unare
681 2089 748 2146 milti
757 2090 922 2162 exprobrare
933 2111 943 2145 :
960 2109 1025 2146 nam
1038 2093 1110 2149 nolli

240 2167 270 2222 in
284 2169 339 2224 ista
352 2187 382 2225 re
396 2171 486 2226 minius
501 2170 541 2224 nti
555 2169 668 2225 coasilio
681 2169 751 2224 oola.
793 2167 940 2244 (Habebat
954 2169 1031 2224 enim
1046 2169 1143 2226 Mene-

201 2244 331 2302 ticlidas
355 2247 546 2322 suspicionem
571 2245 729 2317 adulterii.)
792 2245 874 2317 Quod
898 2255 988 2303 aaron
1014 2267 1057 2312 me,
1085 2247 1142 2324 Ag.

243 2342 425 2383 amornnonem
448 2327 573 2390 amatori
594 2335 686 2398 patae,
698 2321 827 2400 falleris.
870 2323 997 2398 Namque
1021 2327 1068 2384 illc
1083 2347 1144 2384 cara

240 2405 372 2460 universo
388 2403 498 2460 Gracia
512 2407 558 2460 vin
571 2406 663 2462 docem
676 2406 758 2461 anais
771 2423 855 2460 unam
869 2407 939 2478 cepit
952 2404 1045 2462 urbem
1056 2425 1070 2474 ;
1095 2425 1143 2480 ogo

240 2491 335 2539 contro
359 2502 391 2540 aa
414 2502 471 2539 uno
492 2483 558 2540 urhe
582 2492 677 2540 nostro
699 2483 795 2556 dieque
816 2500 870 2538 nno
892 2491 974 2538 totam
998 2481 1141 2550 Graeciam,

239 2558 455 2618 Lacedaemoniis
459 2559 583 2637 fingatis,
599 2562 723 2618 liberavi.
1125 2600 1127 2605 -

202 2641 231 2694 1'
279 2640 332 2697 VI.
365 2640 443 2698 Idem
468 2660 557 2716 quum
583 2641 612 2695 in
637 2650 810 2696 conventum
832 2639 957 2696 venisset
982 2640 1140 2709 Arcadum,

239 2727 346 2793 petens,
362 2729 393 2777 ut
407 2721 570 2776 sacietatem
582 2737 651 2775 cum
667 2719 815 2775 Thebanis
823 2728 851 2774 61
867 2718 987 2793 Argivis
997 2717 1140 2776 facerent:

238 2793 394 2872 contraque
418 2797 608 2866 Callistratus
635 2798 856 2854 Atheniensium
878 2797 999 2871 legatus,
1015 2799 1065 2872 qui
1085 2797 1140 2854 elo-

239 2875 356 2948 quentia
369 2895 467 2932 omnes
482 2895 515 2932 eo
536 2876 689 2951 praestabat
709 2886 843 2950 tempore,
860 2876 1025 2949 postularet,
1042 2886 1073 2932 nt
1095 2895 1139 2950 po-

188 2961 191 2968 ’
238 2954 295 3009 tius
318 2955 473 3010 amicitiam
498 2965 687 3029 sequerentur
711 2955 884 3021 Atticorum,
910 2964 938 3010 et
962 2953 992 3009 in
1016 2955 1141 3012 oratione

238 3051 292 3088 sua
312 3033 403 3089 multa
428 3033 560 3089 invectus
580 3043 654 3088 esset
679 3034 708 3088 in
733 3033 886 3089 Thebanos
901 3041 929 3088 et
953 3032 1089 3108 Argivos,
1112 3035 1141 3089 in

198 3113 217 3166 2
238 3111 336 3184 eisque
361 3110 416 3169 hoc
435 3113 591 3187 posuisset3
622 3111 849 3186 animadvertere
873 3110 976 3168 debere
998 3111 1140 3180 Arcadas

237 3189 339 3263 quales
364 3200 484 3264 utraque
506 3191 608 3246 civitas
629 3190 708 3246 cives
729 3199 914 3264 procreasset,
930 3209 966 3245 ex
987 3190 1140 3263 quibusda

237 3268 342 3324 ceteris
356 3278 469 3344 possent
487 3268 639 3343 judicare:
663 3269 790 3346 Argivos
805 3269 880 3324 enim
903 3268 992 3324 fuisse
1008 3267 1140 3324 Orestem

237 3355 265 3402 61
292 3345 497 3414 Alcmaeonem,
518 3346 702 3418 matricidas3
736 3346 846 3403 Thebis
867 3345 1008 3421 OEdipum
1030 3357 1139 3414 natum,

235 3425 295 3500 qui,
318 3442 408 3499 quum
430 3433 540 3498 patrem
554 3444 639 3482 suum
661 3423 858 3492 interfecisset,
874 3443 910 3480 ex
925 3434 1015 3480 matre
1036 3424 1141 3480 liberos

199 3505 215 3559 3
237 3513 430 3580 procreasset:
452 3502 499 3559 hic
510 3503 539 3557 in
555 3503 749 3578 respondendo
764 3501 986 3578 Epaminondas
998 3520 1090 3576 quum
1105 3503 1140 3559 de

235 3583 340 3638 ceteris
361 3589 528 3656 perorasset,
545 3590 693 3654 postquam
715 3582 751 3638 ad
771 3581 822 3636 illa
843 3580 899 3636 duo
912 3581 1063 3654 opprobria
1077 3598 1139 3655 per-

235 3660 322 3727 venit,
349 3659 485 3716 admirari
509 3676 540 3714 se
565 3657 635 3713 dixit
655 3657 805 3715 stultitiam
825 3657 945 3714 rhetoris
967 3658 1067 3727 Attici,
1089 3659 1141 3733 qui

236 3755 293 3793 non
303 3736 543 3804 animadverterit,
559 3735 724 3793 innocentes
738 3736 803 3793 illos
817 3744 916 3808 natos3
939 3735 1014 3814 domi
1028 3736 1140 3803 scelere
