2608 4300
238 295 279 354 aa
468 273 541 352 vri.
569 297 597 365 a,
614 297 643 352 e.
687 291 903 370 (arcuatos.)

232 436 305 508 istut,
315 437 505 512 presidioque
520 437 560 493 ibi
573 447 713 513 perpetuo
726 438 820 512 posito
834 437 865 494 in
878 437 1030 496 obsidione
1045 441 1134 498 Athe·

232 535 286 573 nas
310 525 471 574 tenuerunt.
524 516 665 591 Ejusdem
692 534 781 589 opera
808 516 921 590 Ioniam
947 536 965 572 a
992 519 1133 576 societate

144 615 158 640 ι
233 604 394 652 averterunt
415 593 645 654 Atheniensium.
687 594 753 659 Quo
766 595 843 652 facto
860 596 951 672 ,rrutlto
968 599 1133 670 superiores

183 655 309 730 'dbello
324 693 390 729 esse
406 683 561 748 coeperunt.
1031 735 1036 750 ,

21 787 26 794 ·
112 778 131 829 l)
194 756 206 810 l
236 751 308 819 JV.
330 751 433 824 Neque
448 769 518 807 vero
540 751 586 807 his
608 752 694 808 rebus
716 764 774 808 tam
789 752 874 808 amici
899 753 1045 810 Alcibiadi
1067 765 1133 811 sunt

101 781 195 928 “ss
206 822 309 907 '‘facti
323 848 406 903 quarn
419 830 520 885 timore
536 831 570 886 ab
585 850 621 886 eo
636 830 762 887 alienati.
804 831 880 888 Nam
894 850 979 904 quum
1000 833 1131 889 acerrimi

95 905 133 922 ”
175 911 178 921 ’
230 907 284 964 vir'i
307 918 489 982 praestantem
509 908 689 984 prudentiam
711 909 741 965 in
759 910 889 966 omnibus
909 911 996 966 rebus
1010 929 1161 986 cognos-·

180 996 189 1024 ³
232 997 339 1056 carent,
351 986 564 1061 pertimuerunt,
573 1007 610 1044 ne
626 987 743 1042 caritate
757 987 856 1062 patriae
863 987 966 1044 'ductus
981 989 1131 1074 aliquando

160 1117 165 1123 .
187 1070 199 1138 ᾗ
230 1066 266 1120 ab
294 1066 366 1140 ipsis
388 1065 577 1134 descisceret,
603 1076 632 1122 et
654 1084 719 1120 curn
741 1067 801 1121 suis
823 1065 853 1122 in
875 1067 1141 1141 gratiam‘rediret.·

230 1144 329 1218 ltaque
354 1154 465 1217 tempus
489 1146 551 1220 ejus
577 1143 769 1200 interficiendi
792 1163 918 1218 quaerere
940 1145 1131 1202 instituerunt.

191 1227 209 1278 2
231 1222 266 1279 Id
292 1223 435 1279 Alcibiadi
457 1223 563 1280 diutius
586 1221 675 1279 celari
699 1241 757 1278 non
777 1223 887 1297 potuit:·
918 1225 1074 1279 eratenim
1096 1243 1132 1280 ea

231 1302 399 1383 sagacitate,
408 1311 438 1357 ut
449 1301 547 1376 decipi
556 1320 615 1358 non
625 1311 734 1375 posset,
742 1301 901 1374 praesertim
911 1320 995 1374 quum
1007 1303 1132 1358 animum

178 1385 191 1439 i
231 1381 401 1438 attendisset
425 1380 652 1436 adserendum.
708 1380 807 1452 Itaque
833 1380 869 1456 ad
893 1381 1131 1454 Tissaphernem,

191 1451 405 1532 3praesectum'
418 1458 497 1532 regis
522 1458 614 1527 Darii,
637 1477 669 1514 se
695 1456 862 1592 contulitJZ
876 1459 965 1533 Cujus
980 1477 1074 1532 1quunr
1101 1458 1131 1514 in

230 1537 359 1594 intimam
373 1535 529 1592 amicitiam
548 1537 740 1609 pervenisset,
755 1546 784 1591 et
804 1538 841 1593 At
864 1537 1035 1606 eniensiurn,
1056 1537 1130 1593 male

230 1616 322 1688 gestis
336 1615 366 1670 in
382 1613 484 1668 Sicilia
499 1615 594 1681 rebus,
609 1631 680 1686 opes
696 1631 862 1682 senescere,
879 1613 977 1671 cohtra
996 1615 1131 1673 Laceda-

229 1692 389 1748 moniorum
403 1691 536 1747 crescere
552 1690 679 1756 'videreta
709 1683 790 1747 initio
812 1711 877 1748 curn
899 1694 1040 1751 Pisandro
1061 1713 1130 1768 proe·
1175 1750 1179 1756 ,

229 1779 300 1837 tore,
315 1769 362 1842 qui
377 1769 452 1842 apud
468 1769 586 1825 Samum
600 1766 761 1836 exercitum
773 1769 905 1839 habebat,
919 1780 972 1846 pei
985 1773 1132 1830 internun-

127 1881 136 1896 κ
229 1848 285 1903 tios
301 1847 477 1920 colloquitur,
489 1858 518 1902 et
532 1848 567 1904 de
582 1847 675 1918 reditu
689 1866 741 1904 suo
756 1848 825 1905 facit
835 1850 1019 1907 mentionem.
1055 1851 1132 1907 ”Erat

230 1924 308 1984 enirn
323 1926 435 1994 eodem,
444 1944 499 1999 quo
515 1924 692 1997 Alcibiades,
702 1945 800 1996 sensu,
814 1928 913 2002 populi
927 1930 1062 2001 potentiae
1073 1947 1131 1984 non

190 2009 209 2061 4
231 2004 350 2073 amicus,
365 2014 394 2059 et
407 2004 573 2078 optimatum
584 2000 683 2060 fautor.
719 2005 764 2060 Ab
778 2005 834 2061 hoc
846 2006 997 2062 destitutus
1010 2007 1133 2080 primum

229 2100 282 2158 per
306 2082 528 2157 Thrasybulum,
553 2082 629 2162 Lyci
652 2082 751 2151 filium,
777 2085 812 2139 ab
832 2082 960 2139 exercitu
984 2082 1133 2154 recipitur,

187 2169 193 2178 “
229 2171 384 2236 praetorque
409 2162 441 2216 fit
462 2161 537 2234 apud
562 2163 696 2218 Samum:
727 2172 800 2234 post,
822 2161 994 2236 suffragante
1020 2160 1131 2216 Thera·
1213 2176 1217 2184 ·

228 2242 322 2308 mene,
347 2239 520 2314 populiscito
548 2239 713 2308 restituitur,
741 2240 864 2313 parique'
880 2239 985 2294 absens
1011 2237 1133 2313 imperio

190 2323 208 2374 5
229 2318 382 2394 praeficitur
393 2319 477 2374 simul
489 2336 556 2374 curn
569 2317 752 2392 Thrasybulo
766 2328 793 2372 et
805 2317 997 2374 Theramene.
1020 2318 1132 2383 Horum

229 2397 260 2454 in
275 2397 395 2474 imperio
418 2408 495 2454 tanta
510 2396 800 2466 commutatiorerurn
824 2397 899 2452 facta
920 2407 974 2466 est,
988 2407 1018 2461 ut
1040 2395 1132 2452 Lace-

229 2477 371 2554 daemonii,
393 2477 440 2552 qui
464 2476 560 2552 paullo
583 2487 647 2566 anpe
662 2475 787 2532 victores
808 2471 966 2551 viguerant,
990 2474 1132 2550 perterriti

228 2575 332 2630 pacem
345 2551 485 2631 peterent.
528 2555 607 2612 Victi
622 2554 700 2612 enirn
714 2558 795 2610 erant
808 2555 932 2629 quinque
952 2555 1062 2630 proeliis
1077 2563 1132 2608 ter-

229 2636 378 2704 restribus,
401 2637 490 2694 tribus
512 2636 672 2704 navalibus,
696 2633 726 2710 in
750 2634 856 2708 quibus
880 2635 1018 2691 ducentas
1041 2650 1133 2689 naves

229 2711 364 2770 triremes
377 2715 540 2784 amiserant,
554 2733 616 2787 quae
627 2721 721 2789 'captae
742 2713 773 2769 in
793 2713 917 2770 hostiurn
931 2721 1070 2769 venerant
1083 2727 1134 2785 po-

191 2794 209 2846 6
230 2799 372 2846 testatem.
414 2791 583 2847 Alcibiades
605 2792 690 2848 simul
705 2809 770 2846 cum
785 2792 907 2865 collegis
922 2800 1073 2866 receperat
1087 2788 1140 2844 lo*

229 2867 316 2935 niam,
342 2866 576 2938 Hellespontum,
599 2869 703 2921 multas
728 2879 866 2938 praeterea
890 2869 975 2921 urbes
1005 2867 1133 2929 Graecas,

230 2964 291 3019 quae
312 2943 342 2999 in
356 2961 406 2999 ora
426 2942 487 2998 sitae
502 2943 568 2996 s'unt
590 2942 679 3008 Asiae,
693 2959 811 3011 quarum
836 2952 1032 3012 expugnarant
1056 2957 1133 2994 conr-

177 3036 181 3048 ·
229 3024 337 3096 plures,
351 3015 381 3077 in
402 3021 448 3076 his
464 3017 649 3093 Byzantium;
670 3033 764 3087 neque
779 3016 872 3070 minus
892 3016 994 3070 multas
1010 3015 1133 3070 consilio

231 3101 266 3158 ad
295 3100 449 3156 amicitiam
474 3097 670 3172 adjunxerant,
695 3091 770 3165 quod
797 3093 827 3148 in
856 3105 954 3167 captos
980 3093 1134 3150 clementia

191 3178 342 3236 'liuerant
365 3177 420 3233 usi.
475 3176 519 3232 lta
543 3174 639 3247 praeda
660 3170 764 3239 onusti,
791 3172 965 3246 locupletato
995 3172 1133 3240 exercitu,

229 3256 362 3314 maximis
377 3257 461 3311 rebus
477 3253 577 3329 gestis,
592 3251 721 3308 Athenas·
737 3262 884 3308 venerunt.
933 3269 936 3274 ·

194 3340 207 3393 1
270 3335 324 3391 VI.
346 3335 404 3390 His
426 3351 510 3406 quum
525 3331 637 3388 obviarn
657 3329 793 3386 universa
814 3329 916 3400 ciuitas
941 3330 971 3386 in
993 3329 1133 3389 Piraeum

231 3413 443 3481 descendisset,
451 3422 529 3467 tanta
543 3409 595 3466 fuit
606 3409 731 3466 omniurn
743 3410 922 3484 exspectatio
930 3410 1044 3466 visendi
1054 3406 1134 3464 Alci·

230 3491 333 3560 biadiS,
345 3503 375 3547 ut
389 3491 426 3548 ad
441 3492 502 3566 ejus
518 3489 662 3546 triremem
670 3489 772 3564 vulgus
789 3471 955 3557 contineret,
965 3487 1085 3563 proinde
1098 3505 1132 3540 ac

136 3562 138 3572 ’
193 3575 210 3626 2
232 3570 258 3626 si
270 3571 349 3626 solus
360 3570 535 3626 advenisset.
569 3569 619 3624 Sic
632 3567 709 3624 enim
722 3567 828 3642 populo
844 3580 904 3622 erat
916 3573 1134 3640 persuasumst

233 3648 553 3724 adversas—superiores
563 3656 591 3702 et
605 3646 916 3721 praesentes‘secundas
930 3663 977 3726 res
988 3643 1133 3700 accidisse
