2608 4300
419 397 493 496 XX,
538 405 567 472 2,
582 406 611 462 3.
659 397 857 483 (Timoleon.)
1050 409 1091 467 83

169 549 245 607 sidio
262 549 329 621 fuit,
344 569 383 608 ne
398 552 464 627 quis
480 551 596 608 satelles
611 563 704 627 posset
714 571 898 612 succurrere.
941 553 1007 614 Hoc
1022 572 1092 631 prae-
1113 557 1133 613 b

169 628 379 688 clarissimum
396 631 460 706 ejus
482 629 596 687 facinus
615 649 672 688 non
693 632 756 707 pari
777 633 859 690 modo
879 633 1030 709 probatum
1050 644 1093 692 est

169 708 208 764 ab
223 709 377 767 omuibus.
421 709 563 766 Nonnulli
584 710 662 766 enim
676 709 776 767 laesam
791 712 827 767 ab
842 731 876 770 eo
890 712 1025 788 pietatem
1040 730 1091 789 pu·

168 787 285 856 tabant,
313 798 343 845 et
367 788 479 844 invidia
503 786 620 845 laudem
642 789 755 846 virtutis
778 790 954 848 obterebant.
996 789 1092 848 Mater

168 882 242 922 vero
265 875 332 942 post
346 867 375 922 id
390 865 501 924 factum
515 884 611 941 neque
626 866 743 924 domum
765 867 844 924 adse
859 868 952 925 filium
967 869 1089 939 admisit,

169 961 272 1018 neque
290 943 431 1020 adspexit,
447 945 517 1021 quin
532 963 600 1001 eum
615 943 793 1002 fratricidam
807 946 985 1021 impiumque
999 947 1089 1004 detes-

169 1032 239 1079 tans
254 1023 457 1098 compellaret.
486 1022 602 1087 Quibus
617 1024 703 1080 rebus
718 1022 787 1080 adeo
801 1023 850 1079 ille
865 1033 908 1080 est
922 1035 1088 1094 commotus,
1110 1029 1129 1082 6

170 1110 203 1156 ut
227 1119 453 1176 nonnumquam
475 1102 542 1158 vitae
567 1097 654 1158 finem
680 1100 776 1158 facere
798 1101 929 1169 voluerit,
944 1112 1029 1177 atque
1054 1121 1090 1160 ex

170 1179 360 1255 ingratorum
374 1181 522 1237 hominum
537 1189 693 1254 conspectu
708 1190 797 1236 morte
812 1177 963 1236 decedere.

212 1257 254 1314 II.
290 1257 413 1315 Interim
441 1257 534 1314 Dione
563 1256 719 1332 Syracusis
746 1255 906 1326 interfecto,
932 1255 1127 1332 Dionysiusl

171 1352 279 1392 rursus
295 1336 514 1410 Syracusarum
528 1337 634 1412 potitus
648 1344 708 1393 est:
730 1336 815 1411 eujus
830 1335 987 1392 adversarii
1007 1355 1091 1412 opem

172 1433 191 1470 a
205 1413 367 1471 Corinthiis
382 1416 535 1489 petierunt,
547 1415 719 1490 ducemque,
730 1433 787 1489 quo
801 1414 831 1469 in
847 1411 922 1470 bello
931 1424 1088 1484 uterentur,

172 1493 377 1568 postularunt
414 1493 485 1550 Hac
510 1491 662 1550 Timoleon
684 1493 789 1548 missus
813 1491 976 1548 incredibili
998 1491 1088 1550 felici-

171 1581 233 1628 tate
249 1571 427 1647 Dionysium
449 1581 507 1629 tota
528 1572 629 1630 Sicilia
643 1570 761 1645 depulit.
804 1568 907 1634 Quum
925 1571 1088 1629 interficere
1109 1577 1128 1630 2

172 1660 282 1724 posset,
312 1651 412 1720 noluit,
440 1661 558 1726 tutoque
588 1659 619 1706 ut
645 1649 815 1706 Corinthum
844 1650 1015 1723 perveniret,
1044 1649 1085 1708 ef-

173 1726 268 1786 fecit:
291 1729 366 1803 quod
388 1741 576 1804 utrorumque
600 1726 806 1801 Dionysiorum
821 1727 924 1804 opibus
946 1728 1086 1786 Corinthii

172 1825 256 1882 saepe
271 1807 363 1883 adjuti
383 1806 507 1877 fuerent,
523 1807 608 1882 cujus
629 1805 812 1880 benignitatis
827 1807 995 1864 memoriam
1009 1807 1085 1866 vole-

173 1885 225 1943 bat
242 1896 377 1958 exstare3
401 1905 524 1962 eamque
543 1883 713 1960 praeclaram
736 1885 886 1942 victoriam
907 1884 1039 1956 ducebat,
1055 1887 1085 1942 in

173 1983 235 2038 qua
252 1964 317 2040 plus
331 1976 406 2022 esset
421 1963 591 2031 clementiae,
605 1980 693 2036 quam
708 1961 905 2034 crudelitatis;
934 1975 1084 2038 postremo,

174 2053 209 2101 ut
224 2061 283 2100 non
297 2044 390 2101 solum
405 2042 525 2101 auribus
539 2041 729 2116 acciperetur,
744 2041 792 2097 sed
814 2041 907 2118 etiam¹
916 2042 1008 2100 oculis
1021 2061 1084 2099 cer-

174 2132 306 2190 neretur,
321 2141 407 2198 quem
433 2131 461 2178 et
486 2138 522 2176 ex
536 2129 642 2192 quanto
667 2136 755 2194 regno
769 2117 805 2175 ad
827 2138 916 2194 quam
941 2119 1085 2178 fortunam

174 2200 354 2257 detrusisset.
398 2199 463 2256 Post
477 2195 610 2271 Dionysii
625 2195 775 2253 decessum
790 2215 858 2254 cum
875 2197 981 2255 Hiceta
996 2199 1083 2256 bella-
1106 2203 1124 2258 3

176 2279 228 2346 vit,
244 2279 294 2353 qui
310 2277 479 2336 adversatus
494 2273 588 2332 fuerat
608 2273 764 2349 Dionysio:
785 2293 871 2350 quem
886 2295 941 2334 non
956 2277 1020 2334 odio
1040 2287 1083 2351 ty-

147 2363 150 2368 ’
176 2355 306 2414 renuidis
331 2355 508 2422 dissensisse,
534 2354 582 2411 sed
607 2354 772 2429 cupiditate,
795 2354 902 2412 indicio
924 2354 987 2424 fuit,
1008 2354 1084 2430 quod

176 2436 248 2512 ipse,
263 2433 383 2508 expulso
397 2431 546 2507 Dionysio,
562 2433 715 2508 imperium
730 2432 872 2490 dimittere
886 2433 988 2491 noluit.
1019 2431 1084 2492 Hoc
1105 2440 1123 2493 4

175 2521 319 2588 superato,
336 2510 487 2569 Timoleon
513 2512 655 2567 maximas
676 2511 774 2586 copias
799 2510 1084 2588 Carthaginiensium

176 2590 253 2667 apud
267 2590 440 2647 Crimissum
454 2590 562 2646 flumen
578 2588 699 2665 fugavit,
715 2607 750 2645 ac
765 2589 834 2646 satis
855 2588 963 2645 habere
981 2590 1083 2666 coegit,

174 2671 200 2725 si
221 2670 322 2726 liceret
346 2667 482 2724 Africam
504 2667 641 2735 obtinere,
657 2667 707 2742 qui
726 2665 787 2741 jam
812 2665 976 2741 complures
996 2685 1084 2726 annos

175 2748 382 2822 possessionem
397 2746 506 2802 Siciliae
520 2746 664 2802 tenebant.
692 2745 776 2819 Cepit
789 2746 875 2801 etiam
892 2743 1082 2816 Mamercum,

174 2825 310 2882 Italicum
333 2825 447 2893 ducem,
463 2825 607 2881 bominem
631 2823 802 2882 bellicosum
816 2832 845 2880 et
859 2833 1011 2898 potentem,
1032 2826 1083 2901 qui

174 2915 315 2978 tyrannos
331 2903 462 2978 adjutum
477 2903 507 2958 in
523 2902 654 2960 Siciliam
669 2911 797 2959 venerat.

214 2980 268 3039 Ill.
291 2981 406 3046 Quibus
421 2981 510 3038 rebus
524 2979 662 3038 confectis
676 2997 766 3056 quum
784 2989 898 3056 propter
912 2980 1081 3039 diuturnita-
1105 2988 1119 3040 1

173 3070 233 3116 tem
248 3060 316 3116 belli
339 3078 394 3116 non
408 3059 503 3116 solum
519 3060 658 3135 regiones,
674 3059 724 3115 sed
745 3060 833 3116 etiam
854 3059 940 3116 urbes
955 3059 1082 3118 desertas

175 3131 295 3208 videret,
316 3138 499 3213 conquisivit,
514 3155 586 3210 quos
610 3137 709 3212 potuit,
731 3139 856 3212 primum
879 3137 1012 3209 Siculos3
1034 3138 1081 3195 de.

174 3216 241 3274 inde
263 3216 402 3273 Corintho
417 3216 566 3272 arcessivit
580 3216 704 3284 colonos,
719 3215 794 3290 quod
817 3215 853 3271 ab
874 3216 918 3271 his
933 3215 1013 3272 initio
1027 3215 1080 3291 Sy.

174 3313 288 3360 racusae
302 3304 384 3351 erant
398 3293 529 3351 conditae.
572 3294 693 3351 Civibus
707 3293 854 3349 veteribus
868 3312 922 3350 sua
937 3295 1079 3369 restituit3
1102 3301 1121 3353 2

174 3373 257 3430 novis
281 3372 357 3429 bello
380 3371 566 3429 vacuefactas
593 3373 785 3449 possessiones
812 3371 927 3442 divisit3
966 3374 1082 3430 urbium

174 3452 282 3509 moenia
291 3450 413 3525 disjecta
425 3449 551 3524 fanaque
560 3450 674 3507 deserta
688 3447 807 3520 refecit3
823 3450 989 3508 civitatibus
1003 3450 1082 3526 leges

174 3527 394 3602 libertatemque
409 3527 548 3599 reddidit3
571 3547 607 3585 ex
623 3527 747 3583 maximo
771 3527 846 3584 bello
866 3538 978 3584 tantum
993 3529 1083 3584 otium

174 3615 238 3663 totae
252 3605 355 3664 insulae
369 3606 544 3674 conciliavit,
561 3615 593 3662 ut
615 3604 664 3661 hic
686 3605 814 3661 conditor
828 3605 946 3661 urbium
970 3621 1081 3672 earum,

175 3702 230 3741 non
246 3685 298 3754 illi,
313 3684 365 3759 qui
389 3684 470 3740 initio
491 3682 680 3752 deduxerant,
695 3682 854 3740 videretur.
895 3681 1006 3736 Arcem
1027 3680 1081 3753 Sy·
1103 3685 1122 3738 3

175 3764 297 3833 racusis‚
308 3780 397 3838 quam
408 3761 553 3818 munierat
560 3759 719 3835 Dionysius
731 3759 767 3816 ad
777 3759 880 3815 urbem
887 3755 1081 3823 obsidendam,
