2608 4300
367 397 462 462 XIII.
507 408 535 475 2,
552 406 581 462 3.
624 401 845 480 (Timotheus.)
1014 407 1052 464 51

158 556 232 621 petre
254 555 412 634 acceptam
437 530 555 621 gloriam
574 546 670 603 multis
691 547 769 604 auxit
789 546 949 606 virtutibus.
991 547 1059 606 Fuit

161 624 232 680 enim
245 623 387 704 drsertus,
401 625 530 698 impiger,
548 625 716 698 laboriosus,
731 626 774 682 rei
792 626 923 682 militaris
938 627 1057 702 peritus,

158 721 247 775 neque
260 701 360 757 nunus
377 703 502 772 civitatis
516 703 658 777 regenda.
688 703 793 760 'Multa
809 704 893 780 huju·
908 715 973 761 sunt
986 723 1057 780 prae·
1076 709 1095 764 2

158 781 231 836 clare
256 780 342 848 faeta,
369 781 425 837 sed
448 780 509 844 haec
531 782 655 837 maxime
678 780 808 838 illustria.
849 782 1003 858 Olynthios
1028 793 1058 840 et

159 858 312 932 Byzantios
334 859 426 915 bellov
437 860 559 933 subegit.
602 860 719 915 Samum
738 861 824 935 cepit,
838 861 866 917 in
881 880 936 934 qua
980 899 1017 939 aot

158 937 347 1010 oppugnanda
360 938 510 1017 supepiore
524 938 601 994 bello
610 937 806 994 *Athenienses
816 940 895 996 mille
907 949 936 996 et
978 949 1016 988 ³⁵⁷

159 1013 278 1080 ducenta
291 1012 405 1072 talenta
419 1025 646 1072 consumserant.
687 1016 721 1072 Id
736 1016 786 1072 ille
801 1017 863 1074 sine
877 1018 937 1074 ulla
959 1007 980 1036 ⁸·
993 998 1016 1038 ⁰¹
1029 1009 1050 1038 ¹¹·

101 1093 105 1098 ’
159 1091 269 1165 publica
282 1094 421 1168 impensa
434 1095 540 1169 populo
554 1093 692 1150 restituit:
714 1094 851 1151 adversus
866 1097 969 1152 Cotum
980 1094 1058 1152 bella

160 1171 254 1243 gessit,
268 1173 304 1240 ab
320 1190 416 1246 eoque
430 1171 510 1228 mille
522 1181 551 1228 et
565 1173 688 1228 ducente
701 1173 808 1229 talenta
817 1165 921 1246 praedal
929 1173 958 1228 in
969 1173 1058 1247 publi·

160 1266 220 1304 cum
233 1251 342 1320 retulit.
381 1251 522 1326 Cyzicum
536 1250 687 1307 obsidione
699 1251 839 1308 liberavit.
875 1251 1059 1307 Ariobarzani
1079 1253 1097 1308 Ι

159 1326 240 1385 simul
254 1347 323 1390 cum
341 1323 483 1404 Agesilao
497 1322 770 1403 auxilio'proiectns
789 1339 853 1406 ¹est:
876 1345 962 1402 aquo
975 1321 1060 1402 ouum

159 1403 234 1461 Laco
256 1408 419 1480 pecuniam
429 1405 612 1478 'uumeietam
633 1405 808 1482 accepisset,
822 1407 872 1466 ille
887 1407 970 1463 cives
992 1424 1060 1464 suos

159 1469 224 1556 agrb
238 1495 324 1558 atque
339 1487 459 1543 urbibus
475 1484 573 1560 augeri
587 1486 695 1556 maluit,
706 1485 790 1560 qu'am
805 1486 835 1544 id
845 1505 967 1553 sumere,
979 1486 1060 1560 cujus

157 1572 262 1634 partem
277 1565 399 1636 dominu
413 1583 493 1620 suam
506 1565 580 1622 ferre
600 1575 709 1640 posset.
750 1565 848 1639 Itaque
870 1563 984 1639 accepit
998 1563 1061 1620 Cri·

158 1638 252 1697 thoten
267 1652 298 1698 et
315 1643 445 1716 Sestum.

195 1717 251 1783 III.
273 1719 363 1777 Idem
379 1721 467 1777 classi
480 1719 629 1796 prefectus
643 1720 862 1779 circumvehens
878 1719 1059 1795 Peloponne-
1082 1725 1095 1777 I

158 1815 227 1866 sum,
257 1799 433 1856 Laconicen
459 1800 618 1874 populatus,
647 1801 772 1857 classem
807 1819 905 1858 eorum
932 1798 1057 1874 fugavit3

161 1874 320 1950 Corcyram
336 1879 389 1934 sub
409 1877 558 1952 imperium
572 1879 792 1936 Atheniensium
811 1878 941 1953 redegit3
988 1903 1026 1942 37ss

159 1954 315 2029 sociosque
339 1955 417 2014 idem
435 1956 563 2032 adjunxit
587 1957 730 2031 Epitotas,
755 1957 940 2025 Athamanas,
965 1953 1021 1992 ⁸·0·
1034 1963 1056 1991 ¹¹·

126 2067 127 2072 κ
150 2030 306 2104 Chaonas,
316 2053 473 2108 omnesque
483 2053 533 2091 eas
548 2045 658 2110 gentes,
669 2054 730 2108 quae
743 2054 821 2092 mare
835 2035 907 2092 illud
918 2034 1059 2110 adjacent.

162 2109 226 2174 Quo
240 2111 320 2168 lacto
336 2113 551 2170 Laoedaemouii
564 2113 599 2170 de
614 2113 723 2170 diutina
743 2115 924 2170 contentione
942 2113 1060 2170 destite·
1076 2113 1097 2168 Ι

161 2193 232 2257 runt,
247 2202 277 2246 et
292 2209 347 2246 sua
361 2202 462 2266 sponte
478 2192 702 2250 Atheniensibus
712 2191 824 2267 Imperii
835 2191 941 2248 muritI·
989 2215 1027 2254 em

112 2285 113 2290 ¹
163 2266 633 2346 miprincipaturuconcesserunt5
648 2289 804 2346 pacemque
814 2269 941 2344 hislegi-
965 2275 985 2304 ⁸·
999 2265 1022 2304 ⁰·
1036 2273 1057 2302 ¹¹·

163 2344 213 2411 bus
238 2348 455 2418 constituerunt,
476 2359 507 2404 ut
528 2347 723 2406 Athenienses
744 2348 816 2406 mari
837 2348 928 2404 duces
951 2355 1060 2402 essent.

165 2422 235 2488 Quae
248 2426 370 2482 victoria
388 2437 472 2484 tantae
492 2426 544 2484 fuit
558 2428 662 2484 Atticis
683 2428 795 2496 laetitia,
810 2437 840 2482 ut
860 2437 920 2482 turn
941 2423 1062 2497 primum

164 2519 219 2558 arae
234 2504 309 2570 Paci
320 2505 435 2578 publice
450 2507 507 2561 sint
517 2506 608 2575 foetae,
620 2507 703 2579 eique
718 2507 781 2562 dcae
794 2505 924 2579 pulvinar
933 2502 971 2558 sit
981 2500 1062 2557 insti·

163 2588 261 2638 tutum.
305 2583 395 2658 Cujus
417 2583 510 2640 landis
534 2595 565 2639 ut
587 2584 725 2640 memoria
745 2591 884 2650 maneret,
908 2577 1100 2636 Timotheo·

164 2659 278 2732 publice
293 2671 415 2717 statuam
428 2662 458 2718 in
473 2661 533 2720 loro
546 2671 711 2736 posuerunt.
753 2660 811 2726 Qui
825 2658 916 2714 honos
931 2657 998 2713 huic
1012 2654 1062 2713 uni

94 2789 96 2794 .
165 2747 229 2794 ante
243 2739 273 2794 id
287 2749 400 2812 tempus
415 2740 552 2814 contigit:
572 2749 612 2807 ut,
623 2757 707 2813 quum
721 2739 794 2812 patri
807 2736 928 2811 populus
943 2745 1063 2791 statuam

165 2809 320 2887 posuisset,
335 2817 395 2874 filio
411 2835 523 2892 quoque
545 2817 634 2873 duret,
677 2817 727 2872 Sic
744 2817 825 2892 juxta
846 2814 939 2890 posita
958 2831 1061 2872 recens

28 2875 29 2892 ³
99 2971 103 2976 1
165 2893 216 2950 filii
230 2906 360 2952 veterem
372 2897 462 2970 patris
477 2894 625 2952 renovavit
638 2896 812 2974 memoriam,

204 2973 260 3030 III.
298 2974 357 3032 Hic
380 2992 467 3048 quum
488 2985 568 3031 esset
593 2993 697 3049 magno
723 2985 799 3043 natu,
827 2985 856 3030 et
880 2971 1062 3046 magistratus
1082 2974 1098 3029 ’1

46 3077 50 3088 ¹
131 3109 133 3114 ,
166 3057 266 3123 gerere
284 3049 418 3126 desisset,
435 3053 513 3126 bello
528 3051 723 3111 Athenienses
743 3053 867 3126 undique
888 3049 979 3125 premi
998 3059 1063 3106 sunt

97 3173 99 3176 .
166 3127 268 3205 coepti.'
293 3130 562 3188 DeieceratSamus
576 3153 582 3201 ;
598 3133 977 3203 descieratHellespontus;
994 3127 1062 3185 Phi-

165 3205 260 3282 lippus
278 3209 339 3284 jam
359 3217 419 3266 mm
436 3210 535 3266 valeus
556 3209 681 3268 Macedo
703 3211 791 3266 multa
809 3207 993 3285 moliebatur:
1015 3206 1063 3262 cui

166 3287 314 3358 oppositus
331 3285 442 3343 Chares
465 3307 551 3361 quum
565 3299 654 3356 esset,
667 3305 725 3344 non
739 3287 809 3343 satis
830 3287 860 3342 in
881 3303 916 3341 eo
937 3283 1063 3359 presidii

166 3365 324 3437 putabatur.
379 3365 426 3421 Fit
450 3366 642 3424 Menestheus
666 3376 776 3440 praetor,
800 3365 875 3421 filius
900 3359 1102 3437 Iphicratis,i

167 3459 256 3514 gener
270 3441 427 3514 Timothei
442 3455 479 3513 et,
498 3455 529 3500 ut
543 3437 700 3500 ad'bellum
713 3445 920 3518 proficiscatur,
935 3437 1065 3497 decerni-

166 3528 219 3576 tur.
260 3519 340 3576 Huic
355 3520 385 3577 in
400 3523 552 3590 consilium
572 3523 672 3581 dautur
692 3523 747 3578 duo
761 3541 815 3578 usu
830 3519 944 3593 sapien·
993 3542 1032 3580 eat

69 3629 73 3642 ·
167 3596 261 3671 tisque
272 3609 450 3674 praestantes,
459 3619 577 3674 quorum
588 3600 710 3657 consilio
723 3610 858 3665 uteretur,
866 3605 948 3669 pater
971 3600 991 3628 ι’
1004 3590 1029 3629 θ’
1041 3600 1062 3630 ¹·

169 3687 197 3730 et
215 3693 321 3733 socer:
344 3677 419 3750 quod
439 3679 470 3735 in
488 3677 535 3734 his
557 3689 635 3734 tauta
656 3689 717 3734 erat
736 3675 900 3738 auctoritas,
913 3681 944 3727 ut
963 3687 1068 3742 magna

168 3763 342 3828 spesesset,
357 3773 408 3830 per
424 3774 475 3812 eos
490 3756 596 3813 amissa
608 3765 697 3830 posse
712 3749 887 3824 recuperari.
928 3745 971 3802 Hi
984 3759 1070 3816 quum
1089 3745 1107 3797 8
