<?xml version="1.0" encoding="UTF-8"?>
<!DOCTYPE html PUBLIC "-//W3C//DTD XHTML 1.0 Transitional//EN"
    "http://www.w3.org/TR/xhtml1/DTD/xhtml1-transitional.dtd">
<html xmlns="http://www.w3.org/1999/xhtml" xml:lang="en" lang="en">
 <head>
  <title>
</title>
<meta http-equiv="Content-Type" content="text/html;charset=utf-8" />
  <meta name='ocr-system' content='tesseract 3.04.00' />
  <meta name='ocr-capabilities' content='ocr_page ocr_carea ocr_par ocr_line ocrx_word'/>
</head>
<body>
  <div class='ocr_page' id='page_1' title='image "./corneliusneposw09nepogoog_0047.png"; bbox 0 0 2608 4300; ppageno 0'>
   <div class='ocr_carea' id='block_1_1' title="bbox 232 393 827 532">
    <p class='ocr_par' dir='ltr' id='par_1_1' title="bbox 232 393 827 532">
     <span class='ocr_line' id='line_1_1' title="bbox 232 393 827 532; baseline -0.005 -13"><span class='ocrx_word' id='word_1_1' title='bbox 232 457 275 520; x_wconf 75' lang='lat' dir='ltr'>to</span> <span class='ocrx_word' id='word_1_2' title='bbox 308 393 319 412; x_wconf 93' lang='lat'><strong>·</strong></span> <span class='ocrx_word' id='word_1_3' title='bbox 527 453 584 515; x_wconf 91' lang='lat' dir='ltr'>IX.</span> <span class='ocrx_word' id='word_1_4' title='bbox 607 459 637 516; x_wconf 90' lang='grc'>4.</span> <span class='ocrx_word' id='word_1_5' title='bbox 681 455 827 532; x_wconf 77' lang='lat' dir='ltr'>(Conon.)</span> 
     </span>
    </p>
   </div>
   <div class='ocr_carea' id='block_1_2' title="bbox 130 597 1194 3867">
    <p class='ocr_par' dir='ltr' id='par_1_2' title="bbox 226 597 1127 671">
     <span class='ocr_line' id='line_1_2' title="bbox 226 597 1127 671; baseline 0.002 -13"><span class='ocrx_word' id='word_1_6' title='bbox 226 608 363 667; x_wconf 86' lang='lat' dir='ltr'>maneret,</span> <span class='ocrx_word' id='word_1_7' title='bbox 377 599 498 654; x_wconf 84' lang='lat' dir='ltr'>valebat.</span> <span class='ocrx_word' id='word_1_8' title='bbox 540 599 643 671; x_wconf 87' lang='lat' dir='ltr'>Neque</span> <span class='ocrx_word' id='word_1_9' title='bbox 668 597 698 654; x_wconf 92' lang='lat' dir='ltr'>id</span> <span class='ocrx_word' id='word_1_10' title='bbox 720 599 888 668; x_wconf 90' lang='lat' dir='ltr'>mirandum,</span> <span class='ocrx_word' id='word_1_11' title='bbox 909 600 935 655; x_wconf 87' lang='lat' dir='ltr'>si</span> <span class='ocrx_word' id='word_1_12' title='bbox 958 617 1016 656; x_wconf 89' lang='lat' dir='ltr'>non</span> <span class='ocrx_word' id='word_1_13' title='bbox 1041 600 1127 660; x_wconf 84' lang='lat' dir='ltr'>facile</span> 
     </span>
    </p>

    <p class='ocr_par' dir='ltr' id='par_1_3' title="bbox 228 676 1128 752">
     <span class='ocr_line' id='line_1_3' title="bbox 228 676 1128 752; baseline 0.003 -19"><span class='ocrx_word' id='word_1_14' title='bbox 228 678 264 734; x_wconf 88' lang='lat' dir='ltr'>ad</span> <span class='ocrx_word' id='word_1_15' title='bbox 278 676 452 733; x_wconf 88' lang='lat' dir='ltr'>credendum</span> <span class='ocrx_word' id='word_1_16' title='bbox 466 676 667 745; x_wconf 85' lang='lat' dir='ltr'>adducebatur,</span> <span class='ocrx_word' id='word_1_17' title='bbox 687 676 888 746; x_wconf 85' lang='lat' dir='ltr'>reminiscens,</span> <span class='ocrx_word' id='word_1_18' title='bbox 904 679 965 752; x_wconf 76' lang='lat' dir='ltr'>ejus</span> <span class='ocrx_word' id='word_1_19' title='bbox 987 697 1020 733; x_wconf 89' lang='lat' dir='ltr'>se</span> <span class='ocrx_word' id='word_1_20' title='bbox 1041 697 1128 752; x_wconf 87' lang='lat' dir='ltr'>opera</span> 
     </span>
    </p>

    <p class='ocr_par' dir='ltr' id='par_1_4' title="bbox 187 754 1161 830">
     <span class='ocr_line' id='line_1_4' title="bbox 187 754 1161 830; baseline 0.001 -18"><span class='ocrx_word' id='word_1_21' title='bbox 187 757 337 830; x_wconf 78' lang='lat' dir='ltr'>2·Cyrum</span> <span class='ocrx_word' id='word_1_22' title='bbox 371 754 486 810; x_wconf 85' lang='lat' dir='ltr'>fratrem</span> <span class='ocrx_word' id='word_1_23' title='bbox 512 773 676 828; x_wconf 85' lang='lat' dir='ltr'>superasse.</span> <span class='ocrx_word' id='word_1_24' title='bbox 731 755 826 829; x_wconf 90' lang='lat' dir='ltr'>Hujus</span> <span class='ocrx_word' id='word_1_25' title='bbox 852 755 1009 812; x_wconf 86' lang='lat' dir='ltr'>accusandi</span> <span class='ocrx_word' id='word_1_26' title='bbox 1037 757 1127 830; x_wconf 85' lang='lat' dir='ltr'>gratia</span> <span class='ocrx_word' id='word_1_27' title='bbox 1158 785 1161 791; x_wconf 96' lang='lat'><em>·</em></span> 
     </span>
    </p>

    <p class='ocr_par' dir='ltr' id='par_1_5' title="bbox 229 831 1126 906">
     <span class='ocr_line' id='line_1_5' title="bbox 229 831 1126 906; baseline 0.001 -17"><span class='ocrx_word' id='word_1_28' title='bbox 229 835 328 890; x_wconf 85' lang='lat' dir='ltr'>Conon</span> <span class='ocrx_word' id='word_1_29' title='bbox 341 852 358 888; x_wconf 88' lang='lat' dir='ltr'>a</span> <span class='ocrx_word' id='word_1_30' title='bbox 368 831 553 888; x_wconf 84' lang='lat' dir='ltr'>Pharnabazo</span> <span class='ocrx_word' id='word_1_31' title='bbox 563 832 598 887; x_wconf 90' lang='lat' dir='ltr'>ad</span> <span class='ocrx_word' id='word_1_32' title='bbox 609 850 706 905; x_wconf 83' lang='lat' dir='ltr'>regem</span> <span class='ocrx_word' id='word_1_33' title='bbox 720 833 835 901; x_wconf 86' lang='lat' dir='ltr'>missus,</span> <span class='ocrx_word' id='word_1_34' title='bbox 846 843 1031 906; x_wconf 86' lang='lat' dir='ltr'>posteaquam</span> <span class='ocrx_word' id='word_1_35' title='bbox 1039 835 1126 904; x_wconf 90' lang='lat' dir='ltr'>venit,</span> 
     </span>
    </p>

    <p class='ocr_par' dir='ltr' id='par_1_6' title="bbox 226 909 1127 985">
     <span class='ocr_line' id='line_1_6' title="bbox 226 909 1127 985; baseline 0.001 -18"><span class='ocrx_word' id='word_1_36' title='bbox 226 911 347 985; x_wconf 91' lang='lat' dir='ltr'>primum</span> <span class='ocrx_word' id='word_1_37' title='bbox 362 928 400 966; x_wconf 87' lang='lat' dir='ltr'>ex</span> <span class='ocrx_word' id='word_1_38' title='bbox 412 927 490 964; x_wconf 87' lang='lat' dir='ltr'>more</span> <span class='ocrx_word' id='word_1_39' title='bbox 515 911 667 965; x_wconf 84' lang='lat' dir='ltr'>Persarum</span> <span class='ocrx_word' id='word_1_40' title='bbox 689 909 725 965; x_wconf 89' lang='lat' dir='ltr'>ad</span> <span class='ocrx_word' id='word_1_41' title='bbox 747 909 945 979; x_wconf 80' lang='lat' dir='ltr'>chiliarchum,</span> <span class='ocrx_word' id='word_1_42' title='bbox 960 911 1008 984; x_wconf 94' lang='lat' dir='ltr'>qui</span> <span class='ocrx_word' id='word_1_43' title='bbox 1023 931 1127 968; x_wconf 88' lang='lat' dir='ltr'>secun·</span> 
     </span>
    </p>

    <p class='ocr_par' dir='ltr' id='par_1_7' title="bbox 226 987 1125 1062">
     <span class='ocr_line' id='line_1_7' title="bbox 226 987 1125 1062; baseline 0 -16"><span class='ocrx_word' id='word_1_44' title='bbox 226 990 293 1046; x_wconf 91' lang='lat' dir='ltr'>dum</span> <span class='ocrx_word' id='word_1_45' title='bbox 307 988 430 1062; x_wconf 29' lang='lat' dir='ltr'>gradum·</span> <span class='ocrx_word' id='word_1_46' title='bbox 439 987 551 1060; x_wconf 85' lang='lat' dir='ltr'>imperii</span> <span class='ocrx_word' id='word_1_47' title='bbox 560 988 684 1055; x_wconf 90' lang='lat' dir='ltr'>tenebat,</span> <span class='ocrx_word' id='word_1_48' title='bbox 694 987 841 1062; x_wconf 75' lang='lat' dir='ltr'>Tithraust</span> <span class='ocrx_word' id='word_1_49' title='bbox 860 1007 880 1044; x_wconf 90' lang='lat'>11</span> <span class='ocrx_word' id='word_1_50' title='bbox 889 988 1024 1058; x_wconf 87' lang='lat' dir='ltr'>accessit,</span> <span class='ocrx_word' id='word_1_51' title='bbox 1036 1009 1125 1062; x_wconf 80' lang='lat' dir='ltr'>seque</span> 
     </span>
    </p>

    <p class='ocr_par' dir='ltr' id='par_1_8' title="bbox 226 1007 1125 1154">
     <span class='ocr_line' id='line_1_8' title="bbox 226 1007 1125 1154; baseline -0.001 -31"><span class='ocrx_word' id='word_1_52' title='bbox 226 1067 350 1154; x_wconf 76' lang='lat' dir='ltr'>osteqdit</span> <span class='ocrx_word' id='word_1_53' title='bbox 365 1085 430 1123; x_wconf 90' lang='lat' dir='ltr'>cum</span> <span class='ocrx_word' id='word_1_54' title='bbox 444 1084 512 1139; x_wconf 88' lang='lat' dir='ltr'>rege</span> <span class='ocrx_word' id='word_1_55' title='bbox 527 1064 651 1138; x_wconf 88' lang='lat' dir='ltr'>colloqui</span> <span class='ocrx_word' id='word_1_56' title='bbox 665 1064 751 1121; x_wconf 86' lang='lat' dir='ltr'>velle.</span> <span class='ocrx_word' id='word_1_57' title='bbox 793 1066 822 1121; x_wconf 95' lang='lat' dir='ltr'><strong>N</strong></span> <span class='ocrx_word' id='word_1_58' title='bbox 825 1007 887 1122; x_wconf 71' lang='lat' dir='ltr'>eino</span> <span class='ocrx_word' id='word_1_59' title='bbox 903 1047 980 1127; x_wconf 79' lang='lat' dir='ltr'>edim</span> <span class='ocrx_word' id='word_1_60' title='bbox 991 1067 1054 1123; x_wconf 90' lang='lat' dir='ltr'>sine</span> <span class='ocrx_word' id='word_1_61' title='bbox 1069 1067 1125 1124; x_wconf 93' lang='lat' dir='ltr'>hoc</span> 
     </span>
    </p>

    <p class='ocr_par' dir='ltr' id='par_1_9' title="bbox 188 1142 1125 1220">
     <span class='ocr_line' id='line_1_9' title="bbox 188 1142 1125 1220; baseline -0.001 -18"><span class='ocrx_word' id='word_1_62' title='bbox 188 1150 204 1201; x_wconf 91' lang='lat'>3</span> <span class='ocrx_word' id='word_1_63' title='bbox 227 1145 390 1202; x_wconf 82' lang='lat' dir='ltr'>admittitur.</span> <span class='ocrx_word' id='word_1_64' title='bbox 441 1143 518 1199; x_wconf 90' lang='lat' dir='ltr'>Huic</span> <span class='ocrx_word' id='word_1_65' title='bbox 542 1142 602 1210; x_wconf 90' lang='lat' dir='ltr'>ille,</span> <span class='ocrx_word' id='word_1_66' title='bbox 627 1144 711 1212; x_wconf 81' lang='lat' dir='ltr'>aelle,</span> <span class='ocrx_word' id='word_1_67' title='bbox 731 1143 920 1220; x_wconf 65' lang='lat' dir='ltr'>inquitatem</span> <span class='ocrx_word' id='word_1_68' title='bbox 934 1156 994 1211; x_wconf 83' lang='lat' dir='ltr'>est;</span> <span class='ocrx_word' id='word_1_69' title='bbox 1026 1146 1075 1202; x_wconf 82' lang='lat' dir='ltr'>sed</span> <span class='ocrx_word' id='word_1_70' title='bbox 1095 1156 1125 1215; x_wconf 74' lang='lat' dir='ltr'>tu</span> 
     </span>
    </p>

    <p class='ocr_par' dir='ltr' id='par_1_10' title="bbox 224 1213 1124 1297">
     <span class='ocr_line' id='line_1_10' title="bbox 224 1213 1124 1297; baseline 0.002 -19"><span class='ocrx_word' id='word_1_71' title='bbox 224 1223 353 1291; x_wconf 81' lang='lat' dir='ltr'>delibera,</span> <span class='ocrx_word' id='word_1_72' title='bbox 367 1233 459 1277; x_wconf 83' lang='lat' dir='ltr'>atrum</span> <span class='ocrx_word' id='word_1_73' title='bbox 480 1221 594 1296; x_wconf 81' lang='lat' dir='ltr'>colloqui</span> <span class='ocrx_word' id='word_1_74' title='bbox 613 1222 702 1288; x_wconf 79' lang='lat' dir='ltr'>melia,</span> <span class='ocrx_word' id='word_1_75' title='bbox 725 1243 760 1277; x_wconf 81' lang='lat' dir='ltr'>aa</span> <span class='ocrx_word' id='word_1_76' title='bbox 770 1233 822 1296; x_wconf 75' lang='lat' dir='ltr'>per</span> <span class='ocrx_word' id='word_1_77' title='bbox 837 1213 949 1278; x_wconf 81' lang='lat' dir='ltr'>&#39;litteras</span> <span class='ocrx_word' id='word_1_78' title='bbox 964 1242 1053 1297; x_wconf 82' lang='lat' dir='ltr'>egere,</span> <span class='ocrx_word' id='word_1_79' title='bbox 1067 1223 1124 1297; x_wconf 74' lang='lat' dir='ltr'>qua</span> 
     </span>
    </p>

    <p class='ocr_par' dir='ltr' id='par_1_11' title="bbox 227 1300 1124 1376">
     <span class='ocr_line' id='line_1_11' title="bbox 227 1300 1124 1376; baseline 0 -20"><span class='ocrx_word' id='word_1_80' title='bbox 227 1304 341 1376; x_wconf 81' lang='lat' dir='ltr'>cogites.</span> <span class='ocrx_word' id='word_1_81' title='bbox 383 1300 503 1356; x_wconf 80' lang='lat' dir='ltr'>Necesse</span> <span class='ocrx_word' id='word_1_82' title='bbox 517 1310 559 1355; x_wconf 84' lang='lat' dir='ltr'>est</span> <span class='ocrx_word' id='word_1_83' title='bbox 572 1301 651 1367; x_wconf 80' lang='lat' dir='ltr'>enim,</span> <span class='ocrx_word' id='word_1_84' title='bbox 662 1301 728 1356; x_wconf 79' lang='lat' dir='ltr'>siin</span> <span class='ocrx_word' id='word_1_85' title='bbox 743 1311 912 1375; x_wconf 82' lang='lat' dir='ltr'>conspectum</span> <span class='ocrx_word' id='word_1_86' title='bbox 922 1303 1037 1369; x_wconf 74' lang='lat' dir='ltr'>veneria,</span> <span class='ocrx_word' id='word_1_87' title='bbox 1048 1321 1124 1356; x_wconf 82' lang='lat' dir='ltr'>veae·</span> 
     </span>
    </p>

    <p class='ocr_par' dir='ltr' id='par_1_12' title="bbox 226 1375 1170 1454">
     <span class='ocr_line' id='line_1_12' title="bbox 226 1375 1170 1454; baseline 0 -20"><span class='ocrx_word' id='word_1_88' title='bbox 226 1382 324 1436; x_wconf 75' lang='lat' dir='ltr'>ecrite</span> <span class='ocrx_word' id='word_1_89' title='bbox 344 1399 434 1454; x_wconf 83' lang='lat' dir='ltr'>regem</span> <span class='ocrx_word' id='word_1_90' title='bbox 459 1377 546 1453; x_wconf 90' lang='lat' dir='ltr'>(quod</span> <span class='ocrx_word' id='word_1_91' title='bbox 561 1375 700 1454; x_wconf 66' lang='grc' dir='ltr'>π’ςοςκυνεῖν</span> <span class='ocrx_word' id='word_1_92' title='bbox 715 1377 759 1433; x_wconf 90' lang='lat' dir='ltr'>illi</span> <span class='ocrx_word' id='word_1_93' title='bbox 773 1377 899 1452; x_wconf 85' lang='lat' dir='ltr'>vocant).</span> <span class='ocrx_word' id='word_1_94' title='bbox 941 1377 1004 1434; x_wconf 84' lang='lat' dir='ltr'>Hoc</span> <span class='ocrx_word' id='word_1_95' title='bbox 1027 1381 1054 1434; x_wconf 81' lang='lat' dir='ltr'>si</span> <span class='ocrx_word' id='word_1_96' title='bbox 1075 1379 1126 1434; x_wconf 84' lang='lat' dir='ltr'>tihi</span> <span class='ocrx_word' id='word_1_97' title='bbox 1165 1399 1170 1408; x_wconf 85' lang='grc'><em>·</em></span> 
     </span>
    </p>

    <p class='ocr_par' dir='ltr' id='par_1_13' title="bbox 222 1457 1125 1534">
     <span class='ocr_line' id='line_1_13' title="bbox 222 1457 1125 1534; baseline -0.002 -20"><span class='ocrx_word' id='word_1_98' title='bbox 222 1478 309 1533; x_wconf 83' lang='lat' dir='ltr'>grave</span> <span class='ocrx_word' id='word_1_99' title='bbox 323 1469 373 1524; x_wconf 83' lang='lat' dir='ltr'>est,</span> <span class='ocrx_word' id='word_1_100' title='bbox 393 1476 445 1532; x_wconf 83' lang='lat' dir='ltr'>per</span> <span class='ocrx_word' id='word_1_101' title='bbox 458 1476 498 1514; x_wconf 87' lang='lat' dir='ltr'>me</span> <span class='ocrx_word' id='word_1_102' title='bbox 519 1457 712 1513; x_wconf 78' lang='lat' dir='ltr'>nihilosecius</span> <span class='ocrx_word' id='word_1_103' title='bbox 733 1457 815 1512; x_wconf 82' lang='lat' dir='ltr'>editis</span> <span class='ocrx_word' id='word_1_104' title='bbox 838 1457 977 1512; x_wconf 78' lang='lat' dir='ltr'>mandetis</span> <span class='ocrx_word' id='word_1_105' title='bbox 990 1457 1125 1534; x_wconf 64' lang='lat' dir='ltr'>conficies</span> 
     </span>
    </p>

    <p class='ocr_par' dir='ltr' id='par_1_14' title="bbox 186 1531 1125 1610">
     <span class='ocr_line' id='line_1_14' title="bbox 186 1531 1125 1610; baseline -0.002 -18"><span class='ocrx_word' id='word_1_106' title='bbox 186 1541 205 1592; x_wconf 87' lang='grc'>4</span> <span class='ocrx_word' id='word_1_107' title='bbox 226 1537 297 1610; x_wconf 83' lang='lat' dir='ltr'>quod</span> <span class='ocrx_word' id='word_1_108' title='bbox 318 1535 422 1591; x_wconf 81' lang='lat' dir='ltr'>studes.</span> <span class='ocrx_word' id='word_1_109' title='bbox 465 1535 540 1589; x_wconf 89' lang='lat' dir='ltr'>Tum</span> <span class='ocrx_word' id='word_1_110' title='bbox 563 1534 673 1602; x_wconf 87' lang='lat' dir='ltr'>Conon,</span> <span class='ocrx_word' id='word_1_111' title='bbox 697 1535 764 1590; x_wconf 81' lang='lat' dir='ltr'>milri</span> <span class='ocrx_word' id='word_1_112' title='bbox 787 1554 858 1603; x_wconf 84' lang='lat' dir='ltr'>vero,</span> <span class='ocrx_word' id='word_1_113' title='bbox 883 1531 982 1607; x_wconf 92' lang='lat' dir='ltr'>inquit,</span> <span class='ocrx_word' id='word_1_114' title='bbox 1005 1555 1059 1590; x_wconf 81' lang='lat' dir='ltr'>aea</span> <span class='ocrx_word' id='word_1_115' title='bbox 1083 1546 1125 1591; x_wconf 82' lang='lat' dir='ltr'>est</span> 
     </span>
    </p>

    <p class='ocr_par' dir='ltr' id='par_1_15' title="bbox 166 1613 1125 1689">
     <span class='ocr_line' id='line_1_15' title="bbox 166 1613 1125 1689; baseline 0 -21"><span class='ocrx_word' id='word_1_116' title='bbox 166 1625 168 1629; x_wconf 83' lang='grc'><strong>’</strong></span> <span class='ocrx_word' id='word_1_117' title='bbox 222 1634 317 1689; x_wconf 83' lang='lat' dir='ltr'>greve,</span> <span class='ocrx_word' id='word_1_118' title='bbox 332 1615 453 1687; x_wconf 83' lang='lat' dir='ltr'>quemvis</span> <span class='ocrx_word' id='word_1_119' title='bbox 467 1613 591 1667; x_wconf 80' lang='lat' dir='ltr'>horrorem</span> <span class='ocrx_word' id='word_1_120' title='bbox 605 1613 701 1667; x_wconf 73' lang='lat' dir='ltr'>habere</span> <span class='ocrx_word' id='word_1_121' title='bbox 715 1615 775 1687; x_wconf 81' lang='lat' dir='ltr'>regi</span> <span class='ocrx_word' id='word_1_122' title='bbox 783 1635 792 1678; x_wconf 92' lang='lat'><em>;</em></span> <span class='ocrx_word' id='word_1_123' title='bbox 807 1613 856 1668; x_wconf 79' lang='lat' dir='ltr'>sed</span> <span class='ocrx_word' id='word_1_124' title='bbox 866 1632 966 1681; x_wconf 85' lang='lat' dir='ltr'>vereor,</span> <span class='ocrx_word' id='word_1_125' title='bbox 975 1634 1008 1668; x_wconf 83' lang='lat' dir='ltr'>ne</span> <span class='ocrx_word' id='word_1_126' title='bbox 1019 1614 1125 1668; x_wconf 78' lang='lat' dir='ltr'>civitet&#39;</span> 
     </span>
    </p>

    <p class='ocr_par' dir='ltr' id='par_1_16' title="bbox 225 1687 1124 1766">
     <span class='ocr_line' id='line_1_16' title="bbox 225 1687 1124 1766; baseline -0.003 -18"><span class='ocrx_word' id='word_1_127' title='bbox 225 1713 287 1748; x_wconf 81' lang='lat' dir='ltr'>mee</span> <span class='ocrx_word' id='word_1_128' title='bbox 302 1693 340 1748; x_wconf 83' lang='lat' dir='ltr'>sit</span> <span class='ocrx_word' id='word_1_129' title='bbox 354 1692 503 1766; x_wconf 79' lang='lat' dir='ltr'>opprobrie,</span> <span class='ocrx_word' id='word_1_130' title='bbox 517 1692 553 1757; x_wconf 80' lang='lat' dir='ltr'>si,</span> <span class='ocrx_word' id='word_1_131' title='bbox 567 1709 648 1762; x_wconf 84' lang='lat' dir='ltr'>quum</span> <span class='ocrx_word' id='word_1_132' title='bbox 668 1710 700 1746; x_wconf 77' lang='lat' dir='ltr'>ea</span> <span class='ocrx_word' id='word_1_133' title='bbox 714 1697 746 1754; x_wconf 68' lang='grc' dir='ltr'>ῥα</span> <span class='ocrx_word' id='word_1_134' title='bbox 760 1692 812 1746; x_wconf 81' lang='lat' dir='ltr'>sim</span> <span class='ocrx_word' id='word_1_135' title='bbox 822 1687 971 1765; x_wconf 76' lang='lat' dir='ltr'>prefectus,</span> <span class='ocrx_word' id='word_1_136' title='bbox 986 1710 1042 1764; x_wconf 80' lang='lat' dir='ltr'>que</span> <span class='ocrx_word' id='word_1_137' title='bbox 1057 1701 1124 1746; x_wconf 85' lang='lat' dir='ltr'>cete-</span> 
     </span>
    </p>

    <p class='ocr_par' dir='ltr' id='par_1_17' title="bbox 225 1769 1124 1845">
     <span class='ocr_line' id='line_1_17' title="bbox 225 1769 1124 1845; baseline -0.004 -19"><span class='ocrx_word' id='word_1_138' title='bbox 225 1773 266 1826; x_wconf 82' lang='lat' dir='ltr'>ris</span> <span class='ocrx_word' id='word_1_139' title='bbox 276 1770 407 1845; x_wconf 80' lang='lat' dir='ltr'>gentibus</span> <span class='ocrx_word' id='word_1_140' title='bbox 417 1771 548 1842; x_wconf 80' lang='lat' dir='ltr'>imperare</span> <span class='ocrx_word' id='word_1_141' title='bbox 556 1771 735 1835; x_wconf 42' lang='lat' dir='ltr'>,consueverit</span> <span class='ocrx_word' id='word_1_142' title='bbox 743 1770 837 1843; x_wconf 80' lang='lat' dir='ltr'>petius</span> <span class='ocrx_word' id='word_1_143' title='bbox 848 1769 1032 1835; x_wconf 80' lang='lat' dir='ltr'>barbarorum,</span> <span class='ocrx_word' id='word_1_144' title='bbox 1044 1787 1124 1842; x_wconf 81' lang='lat' dir='ltr'>quem</span> 
     </span>
    </p>

    <p class='ocr_par' dir='ltr' id='par_1_18' title="bbox 224 1845 1124 1994">
     <span class='ocr_line' id='line_1_18' title="bbox 225 1845 1124 1926; baseline -0.001 -23"><span class='ocrx_word' id='word_1_145' title='bbox 225 1849 310 1915; x_wconf 81' lang='lat' dir='ltr'>illius,</span> <span class='ocrx_word' id='word_1_146' title='bbox 324 1866 395 1902; x_wconf 83' lang='lat' dir='ltr'>more</span> <span class='ocrx_word' id='word_1_147' title='bbox 407 1845 527 1926; x_wconf 77' lang='lat' dir='ltr'>fungar.</span> <span class='ocrx_word' id='word_1_148' title='bbox 570 1846 678 1918; x_wconf 83' lang='lat' dir='ltr'>ltaque,</span> <span class='ocrx_word' id='word_1_149' title='bbox 693 1865 753 1920; x_wconf 85' lang='lat' dir='ltr'>quae</span> <span class='ocrx_word' id='word_1_150' title='bbox 769 1845 862 1922; x_wconf 89' lang='lat' dir='ltr'>[huic]</span> <span class='ocrx_word' id='word_1_151' title='bbox 879 1847 1005 1916; x_wconf 77' lang='lat' dir='ltr'>volebat„</span> <span class='ocrx_word' id='word_1_152' title='bbox 1017 1845 1124 1919; x_wconf 85' lang='lat' dir='ltr'>scripta</span> 
     </span>
     <span class='ocr_line' id='line_1_19' title="bbox 224 1924 1079 1994; baseline -0.004 -13"><span class='ocrx_word' id='word_1_153' title='bbox 224 1924 348 1982; x_wconf 88' lang='lat' dir='ltr'>tradidit.</span> <span class='ocrx_word' id='word_1_154' title='bbox 679 1975 680 1980; x_wconf 75' lang='grc'>,</span> <span class='ocrx_word' id='word_1_155' title='bbox 1077 1991 1079 1994; x_wconf 10' lang='grc' dir='ltr'><strong>Υ</strong></span> 
     </span>
    </p>

    <p class='ocr_par' dir='ltr' id='par_1_19' title="bbox 188 2000 1122 2078">
     <span class='ocr_line' id='line_1_20' title="bbox 188 2000 1122 2078; baseline -0.002 -18"><span class='ocrx_word' id='word_1_156' title='bbox 188 2009 201 2060; x_wconf 93' lang='grc'><strong>1</strong></span> <span class='ocrx_word' id='word_1_157' title='bbox 265 2003 318 2060; x_wconf 91' lang='lat' dir='ltr'>IV.</span> <span class='ocrx_word' id='word_1_158' title='bbox 371 2001 482 2068; x_wconf 85' lang='lat' dir='ltr'>Quibus</span> <span class='ocrx_word' id='word_1_159' title='bbox 508 2001 641 2076; x_wconf 86' lang='lat' dir='ltr'>cognitis,</span> <span class='ocrx_word' id='word_1_160' title='bbox 665 2021 715 2072; x_wconf 67' lang='lat' dir='ltr'>rex</span> <span class='ocrx_word' id='word_1_161' title='bbox 737 2013 843 2074; x_wconf 87' lang='lat' dir='ltr'>tantum</span> <span class='ocrx_word' id='word_1_162' title='bbox 868 2000 1033 2072; x_wconf 83' lang='lat' dir='ltr'>auctoritate</span> <span class='ocrx_word' id='word_1_163' title='bbox 1059 2003 1122 2078; x_wconf 89' lang='lat' dir='ltr'>ejus</span> 
     </span>
    </p>

    <p class='ocr_par' dir='ltr' id='par_1_20' title="bbox 249 2080 1122 2156">
     <span class='ocr_line' id='line_1_21' title="bbox 249 2080 1122 2156; baseline -0.001 -19"><span class='ocrx_word' id='word_1_164' title='bbox 249 2113 285 2152; x_wconf 71' lang='lat'>394</span> <span class='ocrx_word' id='word_1_165' title='bbox 342 2088 434 2137; x_wconf 88' lang='lat' dir='ltr'>motus</span> <span class='ocrx_word' id='word_1_166' title='bbox 455 2092 507 2150; x_wconf 86' lang='lat' dir='ltr'>est,</span> <span class='ocrx_word' id='word_1_167' title='bbox 523 2091 554 2136; x_wconf 91' lang='lat' dir='ltr'>ut</span> <span class='ocrx_word' id='word_1_168' title='bbox 563 2091 596 2151; x_wconf 80' lang='lat' dir='ltr'>¹et</span> <span class='ocrx_word' id='word_1_169' title='bbox 611 2080 839 2154; x_wconf 82' lang='lat' dir='ltr'>Tissaphernem</span> <span class='ocrx_word' id='word_1_170' title='bbox 852 2080 965 2136; x_wconf 82' lang='lat' dir='ltr'>hostem</span> <span class='ocrx_word' id='word_1_171' title='bbox 975 2081 1122 2156; x_wconf 87' lang='lat' dir='ltr'>judicave-</span> 
     </span>
    </p>

    <p class='ocr_par' dir='ltr' id='par_1_21' title="bbox 224 2158 1123 2234">
     <span class='ocr_line' id='line_1_22' title="bbox 224 2158 1123 2234; baseline 0 -20"><span class='ocrx_word' id='word_1_172' title='bbox 224 2171 243 2199; x_wconf 55' lang='grc' dir='ltr'>ἃ·</span> <span class='ocrx_word' id='word_1_173' title='bbox 257 2162 280 2201; x_wconf 82' lang='lat'>0·</span> <span class='ocrx_word' id='word_1_174' title='bbox 296 2173 317 2200; x_wconf 67' lang='lat' dir='ltr'>ss·</span> <span class='ocrx_word' id='word_1_175' title='bbox 343 2160 388 2227; x_wconf 91' lang='lat' dir='ltr'>rit,</span> <span class='ocrx_word' id='word_1_176' title='bbox 410 2170 439 2214; x_wconf 88' lang='lat' dir='ltr'>et</span> <span class='ocrx_word' id='word_1_177' title='bbox 453 2158 688 2216; x_wconf 78' lang='lat' dir='ltr'>Lacedaemonios</span> <span class='ocrx_word' id='word_1_178' title='bbox 699 2159 775 2216; x_wconf 88' lang='lat' dir='ltr'>bello</span> <span class='ocrx_word' id='word_1_179' title='bbox 796 2159 930 2233; x_wconf 87' lang='lat' dir='ltr'>persequi</span> <span class='ocrx_word' id='word_1_180' title='bbox 952 2159 1079 2234; x_wconf 88' lang='lat' dir='ltr'>jusserit,</span> <span class='ocrx_word' id='word_1_181' title='bbox 1094 2169 1123 2214; x_wconf 88' lang='lat' dir='ltr'>et</span> 
     </span>
    </p>

    <p class='ocr_par' dir='ltr' id='par_1_22' title="bbox 225 2236 1123 2314">
     <span class='ocr_line' id='line_1_23' title="bbox 225 2236 1123 2314; baseline -0.001 -21"><span class='ocrx_word' id='word_1_182' title='bbox 225 2237 253 2292; x_wconf 88' lang='lat' dir='ltr'>ei</span> <span class='ocrx_word' id='word_1_183' title='bbox 261 2237 431 2312; x_wconf 86' lang='lat' dir='ltr'>permiserit,</span> <span class='ocrx_word' id='word_1_184' title='bbox 441 2255 525 2310; x_wconf 90' lang='lat' dir='ltr'>quem</span> <span class='ocrx_word' id='word_1_185' title='bbox 534 2237 632 2305; x_wconf 87' lang='lat' dir='ltr'>vellet,</span> <span class='ocrx_word' id='word_1_186' title='bbox 642 2236 750 2310; x_wconf 84' lang='lat' dir='ltr'>eligere</span> <span class='ocrx_word' id='word_1_187' title='bbox 763 2237 798 2292; x_wconf 90' lang='lat' dir='ltr'>ad</span> <span class='ocrx_word' id='word_1_188' title='bbox 808 2237 1030 2314; x_wconf 87' lang='lat' dir='ltr'>dispensandam</span> <span class='ocrx_word' id='word_1_189' title='bbox 1036 2255 1123 2312; x_wconf 88' lang='lat' dir='ltr'>pecu·</span> 
     </span>
    </p>

    <p class='ocr_par' dir='ltr' id='par_1_23' title="bbox 188 2315 1122 2388">
     <span class='ocr_line' id='line_1_24' title="bbox 188 2315 1122 2388; baseline 0.002 -18"><span class='ocrx_word' id='word_1_190' title='bbox 188 2375 192 2383; x_wconf 35' lang='lat'><strong><em>¹</em></strong></span> <span class='ocrx_word' id='word_1_191' title='bbox 224 2315 310 2372; x_wconf 87' lang='lat' dir='ltr'>niam.</span> <span class='ocrx_word' id='word_1_192' title='bbox 352 2315 540 2386; x_wconf 86' lang='lat' dir='ltr'>Idarbitrium</span> <span class='ocrx_word' id='word_1_193' title='bbox 552 2316 653 2371; x_wconf 88' lang='lat' dir='ltr'>Conon</span> <span class='ocrx_word' id='word_1_194' title='bbox 663 2316 779 2388; x_wconf 84' lang='lat' dir='ltr'>negavit</span> <span class='ocrx_word' id='word_1_195' title='bbox 792 2315 837 2371; x_wconf 90' lang='lat' dir='ltr'>sui</span> <span class='ocrx_word' id='word_1_196' title='bbox 852 2331 919 2371; x_wconf 88' lang='lat' dir='ltr'>esse</span> <span class='ocrx_word' id='word_1_197' title='bbox 936 2315 1059 2383; x_wconf 89' lang='lat' dir='ltr'>consilii,</span> <span class='ocrx_word' id='word_1_198' title='bbox 1069 2315 1122 2372; x_wconf 88' lang='lat' dir='ltr'>sed</span> 
     </span>
    </p>

    <p class='ocr_par' dir='ltr' id='par_1_24' title="bbox 224 2393 1121 2475">
     <span class='ocr_line' id='line_1_25' title="bbox 224 2393 1121 2475; baseline 0 -27"><span class='ocrx_word' id='word_1_199' title='bbox 224 2394 325 2475; x_wconf 79' lang='lat' dir='ltr'>ipsius,</span> <span class='ocrx_word' id='word_1_200' title='bbox 340 2394 387 2466; x_wconf 91' lang='lat' dir='ltr'>qui</span> <span class='ocrx_word' id='word_1_201' title='bbox 400 2394 505 2468; x_wconf 90' lang='lat' dir='ltr'>optime</span> <span class='ocrx_word' id='word_1_202' title='bbox 521 2412 588 2449; x_wconf 90' lang='lat' dir='ltr'>suos</span> <span class='ocrx_word' id='word_1_203' title='bbox 603 2412 689 2460; x_wconf 81' lang='lat' dir='ltr'>nosse</span> <span class='ocrx_word' id='word_1_204' title='bbox 706 2393 840 2461; x_wconf 79' lang='lat' dir='ltr'>deberet3</span> <span class='ocrx_word' id='word_1_205' title='bbox 862 2394 915 2449; x_wconf 86' lang='lat' dir='ltr'>sed</span> <span class='ocrx_word' id='word_1_206' title='bbox 936 2413 968 2450; x_wconf 89' lang='lat' dir='ltr'>se</span> <span class='ocrx_word' id='word_1_207' title='bbox 990 2393 1121 2461; x_wconf 85' lang='lat' dir='ltr'>suadere,</span> 
     </span>
    </p>

    <p class='ocr_par' dir='ltr' id='par_1_25' title="bbox 184 2470 1129 2546">
     <span class='ocr_line' id='line_1_26' title="bbox 184 2470 1129 2546; baseline -0.004 -17"><span class='ocrx_word' id='word_1_208' title='bbox 184 2479 202 2529; x_wconf 86' lang='lat'><strong>2</strong></span> <span class='ocrx_word' id='word_1_209' title='bbox 225 2472 412 2529; x_wconf 86' lang='lat' dir='ltr'>Pharnabazo</span> <span class='ocrx_word' id='word_1_210' title='bbox 432 2472 462 2528; x_wconf 91' lang='lat' dir='ltr'>id</span> <span class='ocrx_word' id='word_1_211' title='bbox 481 2471 700 2546; x_wconf 39' lang='lat' dir='ltr'>negotiildaret.</span> <span class='ocrx_word' id='word_1_212' title='bbox 729 2470 820 2540; x_wconf 50' lang='lat' dir='ltr'>¹&#39;Hinc</span> <span class='ocrx_word' id='word_1_213' title='bbox 832 2472 1129 2546; x_wconf 66' lang='lat' dir='ltr'>magnis&#39;lnuneribus</span> 
     </span>
    </p>

    <p class='ocr_par' dir='ltr' id='par_1_26' title="bbox 224 2549 1120 2624">
     <span class='ocr_line' id='line_1_27' title="bbox 224 2549 1120 2624; baseline -0.004 -17"><span class='ocrx_word' id='word_1_214' title='bbox 224 2552 343 2607; x_wconf 90' lang='lat' dir='ltr'>donatus</span> <span class='ocrx_word' id='word_1_215' title='bbox 359 2551 395 2606; x_wconf 86' lang='lat' dir='ltr'>ad</span> <span class='ocrx_word' id='word_1_216' title='bbox 409 2569 486 2608; x_wconf 89' lang='lat' dir='ltr'>mare</span> <span class='ocrx_word' id='word_1_217' title='bbox 505 2562 550 2607; x_wconf 86' lang='lat' dir='ltr'>est</span> <span class='ocrx_word' id='word_1_218' title='bbox 562 2551 678 2620; x_wconf 69' lang='lat' dir='ltr'>missus</span> <span class='ocrx_word' id='word_1_219' title='bbox 692 2560 723 2605; x_wconf 93' lang='lat' dir='ltr'>ut</span> <span class='ocrx_word' id='word_1_220' title='bbox 737 2549 864 2624; x_wconf 89' lang='lat' dir='ltr'>Cypriis,</span> <span class='ocrx_word' id='word_1_221' title='bbox 880 2561 908 2606; x_wconf 90' lang='lat' dir='ltr'>et</span> <span class='ocrx_word' id='word_1_222' title='bbox 925 2549 1120 2617; x_wconf 84' lang='lat' dir='ltr'>Phoenicibus,</span> 
     </span>
    </p>

    <p class='ocr_par' dir='ltr' id='par_1_27' title="bbox 224 2628 1159 2703">
     <span class='ocr_line' id='line_1_28' title="bbox 224 2628 1159 2703; baseline -0.005 -17"><span class='ocrx_word' id='word_1_223' title='bbox 224 2629 385 2702; x_wconf 86' lang='lat' dir='ltr'>ceterisque</span> <span class='ocrx_word' id='word_1_224' title='bbox 399 2630 546 2688; x_wconf 88' lang='lat' dir='ltr'>maritimis</span> <span class='ocrx_word' id='word_1_225' title='bbox 562 2629 726 2685; x_wconf 86' lang='lat' dir='ltr'>civitatibus</span> <span class='ocrx_word' id='word_1_226' title='bbox 740 2648 829 2686; x_wconf 83' lang='lat' dir='ltr'>naves</span> <span class='ocrx_word' id='word_1_227' title='bbox 844 2628 944 2703; x_wconf 86' lang='lat' dir='ltr'>longas</span> <span class='ocrx_word' id='word_1_228' title='bbox 959 2628 1120 2702; x_wconf 87' lang='lat' dir='ltr'>imperaret,</span> <span class='ocrx_word' id='word_1_229' title='bbox 1143 2657 1159 2696; x_wconf 43' lang='grc' dir='ltr'>ᾗ,</span> 
     </span>
    </p>

    <p class='ocr_par' dir='ltr' id='par_1_28' title="bbox 223 2707 1167 2782">
     <span class='ocr_line' id='line_1_29' title="bbox 223 2707 1167 2782; baseline -0.004 -18"><span class='ocrx_word' id='word_1_230' title='bbox 223 2709 413 2780; x_wconf 87' lang='lat' dir='ltr'>classemque,</span> <span class='ocrx_word' id='word_1_231' title='bbox 424 2727 478 2781; x_wconf 88' lang='lat' dir='ltr'>qua</span> <span class='ocrx_word' id='word_1_232' title='bbox 492 2708 620 2782; x_wconf 86' lang='lat' dir='ltr'>proxima</span> <span class='ocrx_word' id='word_1_233' title='bbox 634 2719 731 2764; x_wconf 86' lang='lat' dir='ltr'>aestate</span> <span class='ocrx_word' id='word_1_234' title='bbox 746 2725 823 2764; x_wconf 88' lang='lat' dir='ltr'>mare</span> <span class='ocrx_word' id='word_1_235' title='bbox 838 2707 911 2763; x_wconf 87' lang='lat' dir='ltr'>tueri</span> <span class='ocrx_word' id='word_1_236' title='bbox 926 2716 1033 2781; x_wconf 88' lang='lat' dir='ltr'>posset,</span> <span class='ocrx_word' id='word_1_237' title='bbox 1046 2723 1121 2761; x_wconf 88' lang='lat' dir='ltr'>ccm-</span> <span class='ocrx_word' id='word_1_238' title='bbox 1163 2729 1167 2736; x_wconf 59' lang='lat'>²</span> 
     </span>
    </p>

    <p class='ocr_par' dir='ltr' id='par_1_29' title="bbox 223 2785 1120 2862">
     <span class='ocr_line' id='line_1_30' title="bbox 223 2785 1120 2862; baseline -0.004 -20"><span class='ocrx_word' id='word_1_239' title='bbox 223 2796 352 2860; x_wconf 87' lang='lat' dir='ltr'>pararet:</span> <span class='ocrx_word' id='word_1_240' title='bbox 376 2786 440 2842; x_wconf 86' lang='lat' dir='ltr'>dato</span> <span class='ocrx_word' id='word_1_241' title='bbox 462 2787 587 2862; x_wconf 81' lang='lat' dir='ltr'>adjutdre</span> <span class='ocrx_word' id='word_1_242' title='bbox 606 2785 801 2855; x_wconf 90' lang='lat' dir='ltr'>Pharnabazo,</span> <span class='ocrx_word' id='word_1_243' title='bbox 817 2785 968 2858; x_wconf 87' lang='lat' dir='ltr'>sicutipse</span> <span class='ocrx_word' id='word_1_244' title='bbox 982 2785 1120 2839; x_wconf 82' lang='lat' dir='ltr'>voluerat.</span> 
     </span>
    </p>

    <p class='ocr_par' dir='ltr' id='par_1_30' title="bbox 185 2864 1122 2932">
     <span class='ocr_line' id='line_1_31' title="bbox 185 2864 1122 2932; baseline -0.004 -12"><span class='ocrx_word' id='word_1_245' title='bbox 185 2869 202 2920; x_wconf 90' lang='lat'><strong>3</strong></span> <span class='ocrx_word' id='word_1_246' title='bbox 224 2864 258 2920; x_wconf 95' lang='lat' dir='ltr'>Id</span> <span class='ocrx_word' id='word_1_247' title='bbox 271 2874 301 2920; x_wconf 92' lang='lat' dir='ltr'>ut</span> <span class='ocrx_word' id='word_1_248' title='bbox 324 2864 551 2920; x_wconf 72' lang='lat' dir='ltr'>Lacedaemoniis</span> <span class='ocrx_word' id='word_1_249' title='bbox 575 2876 619 2920; x_wconf 90' lang='lat' dir='ltr'>est</span> <span class='ocrx_word' id='word_1_250' title='bbox 643 2864 808 2932; x_wconf 85' lang='lat' dir='ltr'>nuntiatum,</span> <span class='ocrx_word' id='word_1_251' title='bbox 822 2882 880 2920; x_wconf 89' lang='lat' dir='ltr'>non</span> <span class='ocrx_word' id='word_1_252' title='bbox 901 2864 963 2918; x_wconf 90' lang='lat' dir='ltr'>sine</span> <span class='ocrx_word' id='word_1_253' title='bbox 980 2879 1122 2918; x_wconf 86' lang='lat' dir='ltr'>curarem</span> 
     </span>
    </p>

    <p class='ocr_par' dir='ltr' id='par_1_31' title="bbox 224 2940 1194 3014">
     <span class='ocr_line' id='line_1_32' title="bbox 224 2940 1194 3014; baseline 0.002 -18"><span class='ocrx_word' id='word_1_254' title='bbox 224 2941 462 3006; x_wconf 87' lang='lat' dir='ltr'>administrarunt‚</span> <span class='ocrx_word' id='word_1_255' title='bbox 484 2943 558 3012; x_wconf 89' lang='lat' dir='ltr'>quod</span> <span class='ocrx_word' id='word_1_256' title='bbox 585 2944 676 3014; x_wconf 87' lang='lat' dir='ltr'>majus</span> <span class='ocrx_word' id='word_1_257' title='bbox 704 2944 811 2996; x_wconf 88' lang='lat' dir='ltr'>bellum</span> <span class='ocrx_word' id='word_1_258' title='bbox 834 2941 982 2995; x_wconf 90' lang='lat' dir='ltr'>imminere</span> <span class='ocrx_word' id='word_1_259' title='bbox 1006 2940 1121 2996; x_wconf 85' lang='lat' dir='ltr'>arbitra·</span> <span class='ocrx_word' id='word_1_260' title='bbox 1191 2991 1194 2998; x_wconf 69' lang='lat'>.</span> 
     </span>
    </p>

    <p class='ocr_par' dir='ltr' id='par_1_32' title="bbox 222 3015 1122 3092">
     <span class='ocr_line' id='line_1_33' title="bbox 222 3015 1122 3092; baseline -0.004 -17"><span class='ocrx_word' id='word_1_261' title='bbox 222 3020 331 3084; x_wconf 87' lang='lat' dir='ltr'>bantur,</span> <span class='ocrx_word' id='word_1_262' title='bbox 345 3035 429 3089; x_wconf 90' lang='lat' dir='ltr'>quam</span> <span class='ocrx_word' id='word_1_263' title='bbox 443 3017 468 3072; x_wconf 89' lang='lat' dir='ltr'>si</span> <span class='ocrx_word' id='word_1_264' title='bbox 484 3036 547 3072; x_wconf 91' lang='lat' dir='ltr'>cum</span> <span class='ocrx_word' id='word_1_265' title='bbox 562 3019 679 3092; x_wconf 80' lang='lat' dir='ltr'>barbaro</span> <span class='ocrx_word' id='word_1_266' title='bbox 694 3019 786 3090; x_wconf 82' lang='lat' dir='ltr'>solum</span> <span class='ocrx_word' id='word_1_267' title='bbox 800 3016 1014 3071; x_wconf 87' lang='lat' dir='ltr'>contenderent.</span> <span class='ocrx_word' id='word_1_268' title='bbox 1045 3015 1122 3071; x_wconf 91' lang='lat' dir='ltr'>Nam</span> 
     </span>
    </p>

    <p class='ocr_par' dir='ltr' id='par_1_33' title="bbox 162 3092 1120 3168">
     <span class='ocr_line' id='line_1_34' title="bbox 162 3092 1120 3168; baseline -0.004 -16"><span class='ocrx_word' id='word_1_269' title='bbox 162 3097 166 3110; x_wconf 82' lang='lat'><strong><em>&#39;</em></strong></span> <span class='ocrx_word' id='word_1_270' title='bbox 224 3097 328 3152; x_wconf 90' lang='lat' dir='ltr'>ducem</span> <span class='ocrx_word' id='word_1_271' title='bbox 347 3096 448 3150; x_wconf 86' lang='lat' dir='ltr'>forte-m</span> <span class='ocrx_word' id='word_1_272' title='bbox 468 3094 690 3168; x_wconf 85' lang='lat' dir='ltr'>prudentemque</span> <span class='ocrx_word' id='word_1_273' title='bbox 704 3093 794 3166; x_wconf 85' lang='lat' dir='ltr'>regiis</span> <span class='ocrx_word' id='word_1_274' title='bbox 808 3092 910 3166; x_wconf 86' lang='lat' dir='ltr'>opibus</span> <span class='ocrx_word' id='word_1_275' title='bbox 931 3092 1120 3166; x_wconf 85' lang='lat' dir='ltr'>praefuturum,</span> 
     </span>
    </p>

    <p class='ocr_par' dir='ltr' id='par_1_34' title="bbox 224 3170 1120 3243">
     <span class='ocr_line' id='line_1_35' title="bbox 224 3170 1120 3243; baseline -0.003 -14"><span class='ocrx_word' id='word_1_276' title='bbox 224 3194 257 3230; x_wconf 88' lang='lat' dir='ltr'>ac</span> <span class='ocrx_word' id='word_1_277' title='bbox 273 3192 373 3229; x_wconf 89' lang='lat' dir='ltr'>secum</span> <span class='ocrx_word' id='word_1_278' title='bbox 396 3171 593 3228; x_wconf 86' lang='lat' dir='ltr'>dimicaturum</span> <span class='ocrx_word' id='word_1_279' title='bbox 607 3170 749 3238; x_wconf 84' lang='lat' dir='ltr'>videbant,</span> <span class='ocrx_word' id='word_1_280' title='bbox 771 3189 856 3243; x_wconf 90' lang='lat' dir='ltr'>quem</span> <span class='ocrx_word' id='word_1_281' title='bbox 879 3184 973 3243; x_wconf 89' lang='lat' dir='ltr'>neque</span> <span class='ocrx_word' id='word_1_282' title='bbox 988 3171 1120 3239; x_wconf 87' lang='lat' dir='ltr'>consilio,</span> 
     </span>
    </p>

    <p class='ocr_par' dir='ltr' id='par_1_35' title="bbox 184 3249 1121 3324">
     <span class='ocr_line' id='line_1_36' title="bbox 184 3249 1121 3324; baseline -0.004 -16"><span class='ocrx_word' id='word_1_283' title='bbox 184 3257 316 3324; x_wconf 70' lang='lat' dir='ltr'>lneque</span> <span class='ocrx_word' id='word_1_284' title='bbox 342 3249 433 3324; x_wconf 90' lang='lat' dir='ltr'>copiis</span> <span class='ocrx_word' id='word_1_285' title='bbox 457 3268 591 3324; x_wconf 88' lang='lat' dir='ltr'>superare</span> <span class='ocrx_word' id='word_1_286' title='bbox 616 3259 745 3324; x_wconf 88' lang='lat' dir='ltr'>possent.</span> <span class='ocrx_word' id='word_1_287' title='bbox 787 3249 852 3306; x_wconf 90' lang='lat' dir='ltr'>Hac</span> <span class='ocrx_word' id='word_1_288' title='bbox 873 3257 968 3304; x_wconf 86' lang='lat' dir='ltr'>mente</span> <span class='ocrx_word' id='word_1_289' title='bbox 989 3267 1121 3324; x_wconf 86' lang='lat' dir='ltr'>magnam</span> 
     </span>
    </p>

    <p class='ocr_par' dir='ltr' id='par_1_36' title="bbox 130 3325 1119 3403">
     <span class='ocr_line' id='line_1_37' title="bbox 130 3325 1119 3403; baseline -0.004 -18"><span class='ocrx_word' id='word_1_290' title='bbox 130 3325 133 3330; x_wconf 54' lang='lat'>‘</span> <span class='ocrx_word' id='word_1_291' title='bbox 247 3361 284 3400; x_wconf 71' lang='lat'>394</span> <span class='ocrx_word' id='word_1_292' title='bbox 341 3325 1119 3403; x_wconf 74' lang='lat' dir='ltr'>contrahuntclassem;proficiscunturPisandroduce.</span> 
     </span>
    </p>

    <p class='ocr_par' dir='ltr' id='par_1_37' title="bbox 223 3403 1121 3481">
     <span class='ocr_line' id='line_1_38' title="bbox 223 3403 1121 3481; baseline -0.003 -18"><span class='ocrx_word' id='word_1_293' title='bbox 223 3419 243 3448; x_wconf 68' lang='lat' dir='ltr'>a.</span> <span class='ocrx_word' id='word_1_294' title='bbox 256 3409 279 3448; x_wconf 74' lang='grc' dir='ltr'>ὓ·</span> <span class='ocrx_word' id='word_1_295' title='bbox 292 3419 312 3448; x_wconf 86' lang='lat'>¹¹·</span> <span class='ocrx_word' id='word_1_296' title='bbox 343 3407 407 3472; x_wconf 77' lang='lat' dir='ltr'>Hos</span> <span class='ocrx_word' id='word_1_297' title='bbox 425 3407 526 3463; x_wconf 88' lang='lat' dir='ltr'>Conon</span> <span class='ocrx_word' id='word_1_298' title='bbox 541 3407 615 3481; x_wconf 88' lang='lat' dir='ltr'>apud</span> <span class='ocrx_word' id='word_1_299' title='bbox 637 3406 761 3464; x_wconf 84' lang='lat' dir='ltr'>Cnidum</span> <span class='ocrx_word' id='word_1_300' title='bbox 775 3405 888 3461; x_wconf 86' lang='lat' dir='ltr'>adortus</span> <span class='ocrx_word' id='word_1_301' title='bbox 903 3423 1006 3479; x_wconf 87' lang='lat' dir='ltr'>magno</span> <span class='ocrx_word' id='word_1_302' title='bbox 1019 3403 1121 3479; x_wconf 88' lang='lat' dir='ltr'>proelio</span> 
     </span>
    </p>

    <p class='ocr_par' dir='ltr' id='par_1_38' title="bbox 224 3483 1122 3560">
     <span class='ocr_line' id='line_1_39' title="bbox 224 3483 1122 3560; baseline -0.004 -20"><span class='ocrx_word' id='word_1_303' title='bbox 224 3485 310 3558; x_wconf 85' lang='lat' dir='ltr'>lugat,</span> <span class='ocrx_word' id='word_1_304' title='bbox 333 3485 436 3541; x_wconf 85' lang='lat' dir='ltr'>multas</span> <span class='ocrx_word' id='word_1_305' title='bbox 457 3504 546 3546; x_wconf 85' lang='lat' dir='ltr'>naves</span> <span class='ocrx_word' id='word_1_306' title='bbox 572 3485 656 3559; x_wconf 89' lang='lat' dir='ltr'>capit,</span> <span class='ocrx_word' id='word_1_307' title='bbox 681 3484 842 3560; x_wconf 85' lang='lat' dir='ltr'>complures</span> <span class='ocrx_word' id='word_1_308' title='bbox 865 3483 1006 3556; x_wconf 90' lang='lat' dir='ltr'>deprimit.</span> <span class='ocrx_word' id='word_1_309' title='bbox 1056 3483 1122 3546; x_wconf 82' lang='lat' dir='ltr'>Qua</span> 
     </span>
    </p>

    <p class='ocr_par' dir='ltr' id='par_1_39' title="bbox 224 3559 1121 3636">
     <span class='ocr_line' id='line_1_40' title="bbox 224 3559 1121 3636; baseline -0.002 -20"><span class='ocrx_word' id='word_1_310' title='bbox 224 3563 343 3618; x_wconf 86' lang='lat' dir='ltr'>victoria</span> <span class='ocrx_word' id='word_1_311' title='bbox 365 3581 423 3618; x_wconf 91' lang='lat' dir='ltr'>non</span> <span class='ocrx_word' id='word_1_312' title='bbox 447 3563 539 3617; x_wconf 85' lang='lat' dir='ltr'>solum</span> <span class='ocrx_word' id='word_1_313' title='bbox 562 3562 691 3636; x_wconf 79' lang='lat' dir='ltr'>Athena,</span> <span class='ocrx_word' id='word_1_314' title='bbox 720 3562 772 3617; x_wconf 90' lang='lat' dir='ltr'>sed</span> <span class='ocrx_word' id='word_1_315' title='bbox 801 3562 887 3617; x_wconf 89' lang='lat' dir='ltr'>etiam</span> <span class='ocrx_word' id='word_1_316' title='bbox 912 3565 1018 3617; x_wconf 80' lang='lat' dir='ltr'>cuncta</span> <span class='ocrx_word' id='word_1_317' title='bbox 1043 3559 1121 3616; x_wconf 84' lang='lat' dir='ltr'>Grae-</span> 
     </span>
    </p>

    <p class='ocr_par' dir='ltr' id='par_1_40' title="bbox 225 3638 1122 3712">
     <span class='ocr_line' id='line_1_41' title="bbox 225 3638 1122 3712; baseline -0.004 -18"><span class='ocrx_word' id='word_1_318' title='bbox 225 3639 280 3707; x_wconf 89' lang='lat' dir='ltr'>cia,</span> <span class='ocrx_word' id='word_1_319' title='bbox 293 3658 355 3712; x_wconf 82' lang='lat' dir='ltr'>quae</span> <span class='ocrx_word' id='word_1_320' title='bbox 370 3641 421 3694; x_wconf 92' lang='lat' dir='ltr'>sub</span> <span class='ocrx_word' id='word_1_321' title='bbox 443 3638 724 3695; x_wconf 87' lang='lat' dir='ltr'>Lacedaemoniorum</span> <span class='ocrx_word' id='word_1_322' title='bbox 744 3639 836 3694; x_wconf 87' lang='lat' dir='ltr'>fuerat</span> <span class='ocrx_word' id='word_1_323' title='bbox 856 3638 985 3712; x_wconf 90' lang='lat' dir='ltr'>imperio,</span> <span class='ocrx_word' id='word_1_324' title='bbox 1002 3638 1122 3692; x_wconf 89' lang='lat' dir='ltr'>liberata</span> 
     </span>
    </p>

    <p class='ocr_par' dir='ltr' id='par_1_41' title="bbox 188 3714 1121 3790">
     <span class='ocr_line' id='line_1_42' title="bbox 188 3714 1121 3790; baseline -0.004 -18"><span class='ocrx_word' id='word_1_325' title='bbox 188 3721 204 3772; x_wconf 85' lang='lat'><strong>5</strong></span> <span class='ocrx_word' id='word_1_326' title='bbox 226 3726 279 3772; x_wconf 82' lang='lat' dir='ltr'>est.</span> <span class='ocrx_word' id='word_1_327' title='bbox 322 3716 424 3772; x_wconf 86' lang='lat' dir='ltr'>Conon</span> <span class='ocrx_word' id='word_1_328' title='bbox 438 3735 503 3772; x_wconf 92' lang='lat' dir='ltr'>cum</span> <span class='ocrx_word' id='word_1_329' title='bbox 523 3726 602 3790; x_wconf 88' lang='lat' dir='ltr'>parte</span> <span class='ocrx_word' id='word_1_330' title='bbox 617 3717 732 3771; x_wconf 88' lang='lat' dir='ltr'>navium</span> <span class='ocrx_word' id='word_1_331' title='bbox 746 3717 776 3772; x_wconf 90' lang='lat' dir='ltr'>in</span> <span class='ocrx_word' id='word_1_332' title='bbox 790 3715 910 3790; x_wconf 85' lang='lat' dir='ltr'>patriam</span> <span class='ocrx_word' id='word_1_333' title='bbox 923 3714 1011 3782; x_wconf 86' lang='lat' dir='ltr'>venit,</span> <span class='ocrx_word' id='word_1_334' title='bbox 1024 3729 1121 3768; x_wconf 87' lang='lat' dir='ltr'>muros</span> 
     </span>
    </p>

    <p class='ocr_par' dir='ltr' id='par_1_42' title="bbox 225 3782 1122 3867">
     <span class='ocr_line' id='line_1_43' title="bbox 225 3782 1122 3867; baseline -0.004 -19"><span class='ocrx_word' id='word_1_335' title='bbox 225 3793 332 3866; x_wconf 84' lang='lat' dir='ltr'>dirutos</span> <span class='ocrx_word' id='word_1_336' title='bbox 346 3813 364 3848; x_wconf 89' lang='lat' dir='ltr'>a</span> <span class='ocrx_word' id='word_1_337' title='bbox 384 3792 545 3867; x_wconf 87' lang='lat' dir='ltr'>Lysandro,</span> <span class='ocrx_word' id='word_1_338' title='bbox 559 3805 693 3864; x_wconf 88' lang='lat' dir='ltr'>utrosque</span> <span class='ocrx_word' id='word_1_339' title='bbox 716 3803 744 3848; x_wconf 89' lang='lat' dir='ltr'>et</span> <span class='ocrx_word' id='word_1_340' title='bbox 767 3782 914 3848; x_wconf 76' lang='lat' dir='ltr'>Piraeeiet</span> <span class='ocrx_word' id='word_1_341' title='bbox 936 3791 1122 3866; x_wconf 83' lang='lat' dir='ltr'>Athenarum,</span> 
     </span>
    </p>
   </div>
   <div class='ocr_carea' id='block_1_3' title="bbox 0 0 1308 4300">
    <p class='ocr_par' dir='ltr' id='par_1_43' title="bbox 0 0 1308 4300">
     <span class='ocr_line' id='line_1_44' title="bbox 0 0 1308 4300; baseline 0 1"><span class='ocrx_word' id='word_1_342' title='bbox 0 0 1308 4300; x_wconf 95' lang='lat' dir='ltr'> </span> 
     </span>
    </p>
   </div>
  </div>
 </body>
</html>
