2608 4300
227 341 269 399 86
429 334 519 398 XXI.
563 342 593 408 2,
608 341 638 396 3.
686 331 748 413 (De
764 330 927 412 Regibus.)

187 493 203 545 1
265 487 303 544 ll.
325 486 372 544 Ex
389 486 580 544 Macedonum
597 495 693 543 autem
714 502 821 561 genere
837 483 894 540 duo
915 483 1007 540 multo
1020 491 1136 540 ceteros

226 574 442 623 antecesserunt
452 581 550 622 rerum
561 575 708 640 gestarum
717 561 823 638 gloria:
846 561 1134 637 Philippus,Amyn-

225 654 262 700 tae
274 642 362 711 filius,
377 653 406 698 et
421 643 589 700 Alexander
603 641 738 716 Magnus.
768 641 881 697 Horum
893 640 967 696 alter
981 639 1134 713 Babylone

225 721 324 777 morbo
350 730 519 779 consumtus
547 731 609 791 est;
643 719 792 794 Philippus
818 717 902 798 AEgis
930 737 947 774 a
975 717 1133 786 Pausania,

225 797 767 934 {tmtptttt¹tlttl⁶tlttt
789 797 1132 932 Tellfflllelil'

185 883 204 934 2
224 895 462 1028 villuslquuunl
472 896 568 1031 Algos
588 896 722 1031 oppldum
737 893 916 1028 oplldgnaret
940 953 969 1007 in
992 910 1132 1026 Pelopon:

224 1051 302 1102 neso,
327 1033 421 1107 lapide
436 1035 512 1090 ictus
533 1035 651 1090 interiit.
695 1031 780 1089 Unus
794 1032 862 1087 item
876 1030 1004 1098 Siculus,
1020 1028 1133 1104 Diony·

224 1112 285 1168 sius
295 1112 381 1187 prior.
424 1112 503 1168 Nam
514 1122 542 1168 et
556 1130 644 1167 manu
660 1110 747 1178 fortis,
763 1120 792 1166 et
807 1109 875 1165 belli
890 1109 999 1183 peritus
1014 1107 1077 1176 fuit,
1093 1118 1131 1177 et,

225 1189 252 1245 id
266 1189 342 1264 quod
355 1190 386 1244 in
406 1199 530 1264 tyranno
543 1208 600 1246 non
621 1187 707 1245 facile
729 1188 879 1262 reperitur,
895 1187 1013 1243 minime
1037 1186 1130 1242 libidi-

224 1285 319 1336 nosus,
335 1286 391 1324 non
417 1268 593 1336 luxuriosus,
608 1286 664 1324 non
687 1284 802 1333 avarus,
818 1264 928 1320 nullius
949 1264 1074 1338 denique
1089 1265 1132 1321 rei

151 1341 160 1358 ’
224 1345 355 1420 cupidus,
371 1345 426 1402 nisi
447 1347 602 1422 singularis
617 1345 804 1420 perpetuique
819 1343 941 1418 imperii,
956 1342 992 1398 ob
1007 1359 1131 1417 eamque

224 1441 287 1480 rem
310 1423 446 1481 crudelis.
489 1424 566 1482 Nam
591 1423 660 1480 dum
685 1423 712 1479 id
738 1421 847 1480 studuit
872 1421 995 1489 munire,
1020 1420 1131 1478 nullius

185 1507 203 1559 3
225 1501 352 1577 pepercit
374 1504 448 1570 vitae,
473 1521 559 1578 quern
584 1503 648 1576 ejus
678 1501 872 1557 insidiatorem
894 1508 1017 1575 putaret.
1072 1499 1130 1556 Hic

133 1600 135 1608 ·
224 1598 315 1654 quum
329 1581 433 1640 virtute
447 1580 629 1655 tyrannidem
644 1580 698 1636 sibi
714 1579 879 1654 peperisset,
890 1595 997 1652 magna
1012 1578 1130 1634 retinuit

225 1657 371 1726 felicitate,
387 1659 535 1734 majorque
551 1677 640 1715 annos
662 1659 814 1732 sexaginta
835 1667 921 1712 natus
942 1655 1067 1712 decessit
1081 1656 1128 1712 flo-

225 1745 304 1792 rente
327 1755 424 1812 regno.
466 1737 571 1812 Neque
592 1738 622 1793 in
645 1746 703 1792 tarn
728 1735 827 1791 multis
850 1733 933 1790 annis
954 1734 1129 1809 cujusquam

223 1831 260 1868 ex
275 1830 328 1868 sua
342 1815 428 1890 stirpe
448 1813 536 1872 sunus
552 1815 630 1884 vidit,
645 1833 735 1889 quum
749 1831 786 1869 ex
800 1813 892 1869 tribus
907 1813 1046 1869 uxoribus
1059 1813 1127 1868 libe-

225 1908 271 1946 ros
285 1903 472 1964 procreasset,
489 1895 630 1968 multique
645 1894 672 1950 ei
687 1892 746 1948 nati
762 1901 857 1948 essent
872 1900 999 1965 nepotes.

186 1973 201 2026 1
264 1967 315 2024 lll.
340 1967 472 2027 Fuerunt
486 1982 626 2046 praeterea
637 1971 721 2027 multi
736 1987 819 2046 reges
833 1988 869 2025 ex
880 1969 982 2024 enticis
998 1968 1127 2025 Alexan-

224 2043 268 2101 dri
294 2044 402 2119 Magni,
418 2050 467 2120 qui
493 2057 553 2123 post
577 2051 684 2106 obitum
706 2049 769 2124 ejus
784 2047 904 2122 imperia
918 2056 1077 2121 ceperunt:
1099 2047 1128 2102 in

223 2124 268 2179 bis
283 2125 457 2199 Antigonus,
474 2137 502 2183 et
524 2127 610 2202 hujus
631 2127 709 2184 filius
730 2125 906 2192 Demetrius
922 2123 1126 2198 Lysimachus,

184 2207 203 2258 2
224 2200 376 2268 Seleucus,
401 2202 581 2261 Ptolemaeus.
632 2205 679 2260 Ex
704 2197 748 2264 his
774 2204 939 2277 Antigonus
961 2204 991 2257 in
1017 2203 1126 2278 proelio,

223 2298 314 2354 quum
339 2277 478 2336 adversus
500 2282 657 2338 Seleucum
678 2282 948 2357 Lysimachumque
968 2280 1126 2348 dimicaret,

222 2359 337 2416 occisus
361 2367 413 2414 est.
456 2358 522 2416 Pari
548 2361 603 2417 leto
618 2359 739 2418 affectus
754 2370 796 2416 est
820 2358 1018 2433 Lysimachus
1039 2379 1056 2415 a
1078 2358 1126 2414 Se-

222 2436 316 2494 leuco.
360 2437 446 2505 Nam,
462 2439 597 2495 societate
622 2436 768 2506 dissoluta,
785 2437 892 2494 bellum
916 2439 991 2493 inter
1011 2457 1042 2494 se
1065 2456 1125 2512 ges

184 2517 202 2570 3
222 2527 331 2573 serunt.
374 2518 415 2574 At
436 2514 610 2584 Demetrius
625 2535 716 2591 quum
737 2517 827 2572 filiam
848 2533 932 2570 suam
953 2513 1126 2571 Seleuceia

222 2595 436 2652 matrimonium
458 2594 588 2662 dedisset,
611 2613 704 2669 neque
728 2613 761 2650 eo
784 2594 877 2668 magis
900 2592 957 2648 fida
982 2594 1055 2648 inter
1080 2611 1126 2649 eos

223 2672 351 2730 amicitia
366 2691 483 2730 manere
499 2673 643 2748 potuisset,
666 2682 767 2747 captus
789 2671 872 2739 bello,
896 2672 925 2725 in
940 2666 1071 2726 custodia
1085 2690 1125 2726 so·

183 2703 273 2804 Acer
292 2753 393 2823 generi
415 2751 499 2826 periit
520 2751 658 2806 amorbo:
702 2750 806 2824 Neque
830 2749 871 2804 ita
886 2747 977 2808 multo
993 2758 1054 2822 post
1077 2748 1125 2804 Se-

222 2825 325 2882 leucus
340 2847 356 2884 a
371 2829 523 2885 Ptolemaeo
537 2827 671 2884 Cerauno
686 2827 749 2883 dolo
771 2825 940 2883 interfectus
955 2835 1016 2896 est;
1040 2845 1126 2901 quem

222 2901 272 2958 ille
287 2921 303 2958 a
325 2917 404 2980 patre
419 2906 572 2979 expulsum
589 2905 785 2972 Alexandrea,
801 2903 963 2960 alienarum
978 2922 1064 2978 opum
1086 2905 1124 2958 in·

222 2978 375 3056 digentem,
402 2992 560 3057 receperat.
617 2981 680 3056 lpse
706 2991 801 3037 autem
826 2979 1008 3048 Ptolemaeus,
1036 2999 1125 3055 quum

222 3058 306 3114 vivus
320 3060 379 3118 filio
393 3078 516 3136 regnum
531 3058 700 3127 tradidisset,
717 3059 752 3114 ab
773 3058 822 3114 illo
836 3056 936 3114 eodem
952 3058 1011 3113 vita
1032 3060 1124 3137 priva-

182 3137 201 3188 5
222 3144 268 3190 tus
282 3136 398 3195 dicitur.
441 3137 485 3193 De
500 3137 607 3211 quibus
621 3137 756 3210 quoniam
771 3137 839 3192 satis
854 3135 964 3191 dictum
980 3144 1123 3209 putamus,

220 3229 277 3267 non
291 3213 503 3270 incommodum
519 3216 641 3282 videtur,
656 3233 712 3270 non
727 3213 872 3289 praeterire
883 3211 1084 3268 Hamilcarem
1099 3223 1125 3270 et

221 3287 426 3357 Hannibalem,
441 3308 513 3363 quos
527 3301 555 3348 et
575 3292 663 3348 animi
685 3290 891 3364 magnitudine,
914 3297 943 3346 et
967 3289 1124 3347 calliditate

220 3385 319 3425 omnes
333 3369 363 3424 in
377 3366 480 3425 Africa
497 3378 577 3426 natos
591 3368 756 3444 praestitisse
771 3374 891 3424 constat.
