2608 4300
258 409 300 468 72
493 402 613 466 XVIII.
661 408 686 464 1.
735 401 927 484 (Eumenes.)

255 555 396 614 habuerat
417 557 447 612 in
471 555 630 614 tribuendis
651 555 739 612 animi
754 555 915 624 vlrtutibus,
931 554 974 612 sic
997 555 1159 613 maleficam

254 645 357 690 nactus
380 635 473 694 estid
498 653 616 710 corpore
638 633 782 709 fingendo.
824 633 903 690 Nam
925 642 954 690 et
973 643 1086 690 statura
1107 633 1160 692 fuit

254 712 367 780 humili,
378 722 407 768 et
421 729 539 788 corpore
553 713 667 789 exiguo,
683 723 711 769 et
725 711 848 770 claudus
862 711 951 768 altero
965 712 1048 786 pede.
1084 713 1159 777 Quae

255 808 301 846 res
314 791 400 846 etiam
415 790 584 851 nonnullam
605 790 742 848 efferebat
765 789 989 848 deformitatem:
1012 800 1099 864 atque
1120 793 1158 868 ig-

253 855 321 938 uots,
337 867 441 926 faciem
455 869 518 943 ejus
532 887 623 944 quum
644 869 832 937 intuerentur,
848 868 1069 926 contemnebant
1078 889 1087 940 ;
1111 871 1159 944 qui

254 957 350 1004 autem
375 948 495 1004 virtutes
518 957 666 1015 noverant,
691 965 746 1004 non
768 956 896 1021 poterant
920 945 1058 1002 admirari
1079 949 1156 1004 satis.

214 1027 234 1080 2
253 1025 339 1089 Quod
364 1026 391 1082 ei
417 1027 573 1095 usuvenit,
595 1043 685 1101 quum
707 1043 847 1081 annorum
869 1025 1012 1099 octoginta
1033 1026 1159 1081 subsidio

255 1101 356 1160 Tacho
370 1105 399 1160 in
411 1104 572 1179 AEgyptum
586 1106 674 1172 iisset,
686 1113 714 1160 et
728 1104 835 1160 inacta
849 1121 916 1160 cum
930 1103 991 1158 suis
1005 1105 1162 1160 accubuis·

254 1192 297 1240 set
321 1183 383 1238 sine
405 1182 464 1238 ullo
484 1193 577 1260 tecto3
600 1193 779 1256 stratumque
804 1181 922 1238 haberet
944 1181 1010 1249 tale,
1026 1192 1058 1237 ut
1083 1192 1159 1238 terra

254 1269 330 1318 tecta
344 1271 418 1318 esset
440 1262 612 1329 stramentis,
632 1277 726 1335 neque
749 1261 806 1316 huc
822 1259 955 1334 amplius,
970 1277 1058 1334 quam
1077 1260 1159 1334 pellis

254 1348 330 1397 esset
353 1339 477 1414 injecta;
508 1338 665 1412 eodemque
690 1338 809 1395 comites
832 1356 931 1394 omnes
956 1337 1160 1394 accubuissent

255 1419 358 1474 vestitu
383 1417 485 1474 humili
510 1426 595 1492 atque
619 1417 753 1485 obsoleto,
779 1427 811 1473 ut
834 1434 935 1472 eorum
960 1426 1079 1472 ornatus
1103 1433 1159 1472 non

255 1496 336 1554 modo
359 1497 389 1552 in
413 1495 458 1552 his
478 1497 734 1571 regemneminem
755 1495 940 1570 significaret,
962 1493 1012 1549 sed
1037 1493 1159 1550 homInis

215 1576 233 1630 3
254 1593 310 1632 non
326 1575 479 1631 beatissimi
494 1574 686 1649 suspicionem
700 1574 849 1648 praeberet.
872 1571 970 1646 Hujus
984 1571 1019 1628 de
1031 1572 1157 1629 adventu

255 1651 333 1709 lama
346 1671 437 1727 quum
453 1652 488 1708 ad
511 1653 604 1728 regios
618 1662 693 1708 esset
707 1651 827 1726 perlata,
842 1649 976 1707 celeriter
990 1669 1113 1706 munera
1125 1669 1159 1707 eo

254 1731 397 1806 cujusque
418 1732 533 1808 generis
547 1740 614 1788 sunt
635 1730 732 1787 allata.
774 1729 830 1785 His
843 1729 1038 1804 quaerentibus
1053 1729 1157 1804 AgesI-

254 1807 334 1864 laum
349 1811 398 1865 va
413 1809 483 1866 fides
504 1809 580 1866 facta
594 1818 646 1877 est,
661 1826 752 1865 unum
766 1826 829 1863 esse
844 1827 880 1864 ex
895 1807 948 1876 his,
963 1807 1013 1881 qui
1034 1818 1097 1864 tum
1112 1825 1157 1864 ac·

215 1890 233 1942 d
254 1886 409 1943 cubabant.
451 1887 511 1952 Qui
525 1906 616 1962 quum
631 1888 708 1963 regis
728 1886 832 1954 verbis,
846 1903 912 1960 quae
932 1885 1097 1953 attulerant,
1111 1885 1157 1942 de-

254 1963 370 2033 dissent,
385 1965 435 2021 ille
450 1975 552 2040 praeter
563 1965 685 2022 vituIIna
698 1974 726 2020 et
741 1964 903 2038 hujusmodi
917 1981 1025 2040 genera
1039 1966 1157 2038 opsonii,

254 2061 320 2116 quae
346 2061 472 2116 praesens
499 2053 611 2118 tempus
633 2043 821 2111 desiderabat,
847 2042 916 2098 nihil
942 2043 1073 2115 accepit3
1108 2061 1156 2098 un·

254 2130 371 2195 guenta,
381 2138 510 2189 coronae,
525 2121 739 2196 secundamque
750 2139 879 2177 mensam
893 2121 984 2176 servis
999 2120 1156 2196 dispertiit;

216 2203 234 2254 5
255 2207 352 2255 cetera
375 2195 476 2255 referri
495 2199 590 2274 jussit.
643 2199 710 2264 Quo
735 2198 811 2256 iacto
835 2217 902 2254 eum
928 2198 1042 2254 barbari
1067 2200 1159 2274 magis

255 2276 341 2332 etiam
356 2285 579 2346 contemserunt,
594 2277 668 2354 quod
695 2296 762 2334 eum
784 2278 944 2354 ignorantia
962 2276 1101 2332 bonarum
1115 2295 1157 2332 re-

214 2359 232 2411 6
254 2373 318 2411 rum
334 2354 382 2411 illa
398 2355 574 2430 potissimum
585 2358 741 2432 sumpsisse
753 2355 975 2412 arbitrabantur.
998 2353 1056 2410 Hic
1068 2373 1158 2429 quum

253 2453 290 2491 ex
312 2434 439 2510 AEgypto
464 2431 664 2503 reverteretur,
686 2435 806 2492 donatus
827 2453 844 2490 a
866 2452 933 2509 rege
958 2432 1158 2488 Nectanabide

255 2514 388 2571 ducentis
413 2512 514 2588 viginti
540 2513 662 2582 talentis
688 2531 754 2588 quae
779 2512 828 2568 ille
852 2513 965 2568 muneri
988 2511 1092 2585 populo
1106 2529 1158 2568 suo

254 2591 344 2661 daret,
361 2592 540 2666 venissetque
563 2592 593 2648 in
618 2602 739 2667 portum,
754 2591 804 2664 qui
827 2589 952 2646 Menelai
967 2598 1095 2656 vocatur,
1114 2589 1157 2662 ja-

254 2689 324 2727 cens
338 2671 413 2727 inter
426 2669 558 2744 Cyrenas
571 2680 599 2726 et
619 2669 788 2745 AEgyptum,
804 2669 833 2723 in
849 2668 980 2724 morbum
1002 2667 1158 2743 implicitus

215 2751 233 2804 7
254 2748 386 2805 decessit.
430 2748 473 2806 lbi
488 2767 556 2804 eum
571 2750 666 2816 amiel,
682 2766 738 2822 quo
753 2747 886 2821 Spartam
902 2745 1017 2802 facilius
1032 2744 1158 2820 perferre

255 2836 376 2902 possent,
391 2827 466 2901 quod
489 2827 546 2883 mel
571 2846 626 2884 non
648 2826 798 2894 habebant,
814 2843 881 2902 cera
901 2822 1157 2892 circumfuderunt,

254 2913 340 2978 atque
354 2905 394 2960 ita
407 2904 523 2962 domum
538 2905 708 2962 retulerunt.

348 3297 349 3300 ’
413 3300 612 3375 XVIII.
664 3301 1009 3375 EUMENES.

217 3620 232 3671 1
295 3613 318 3670 l.
343 3611 490 3680 Eumenes,
516 3611 684 3668 Cardianus.
726 3614 825 3687 Hujus
848 3615 873 3670 si
897 3613 995 3670 virtuti
1020 3631 1073 3688 par
1096 3613 1163 3671 data

255 3699 330 3746 esset
345 3688 467 3758 fortuna,
481 3707 537 3744 non
551 3688 601 3744 ille
615 3690 731 3761 quidem
740 3691 840 3765 major,
855 3691 905 3748 sed
920 3691 1009 3765 multo
1023 3691 1164 3748 illustrior

257 3775 343 3840 atque
364 3766 451 3822 etiam
476 3765 656 3822 honoratior:
677 3767 752 3838 quod
773 3787 892 3844 magnos
912 3769 1042 3828 homines
1056 3770 1164 3827 virtute
