2608 4300
381 358 471 424 XVI.
518 367 544 422 1.
591 359 800 443 (Pelopidas.)
1021 366 1062 422 65

153 534 237 573 orum
253 534 291 572 ex
306 533 375 572 arce
391 514 573 590 expulerunt,
588 505 812 590 Epaminondas,
853 514 972 572 uamdiu
988 513 1064 572 facta

154 603 199 652 est
223 595 319 652 caedes
344 594 463 662 civium,
487 593 568 650 domo
591 613 623 649 se
643 594 754 650 tenuit:
775 533 850 666 quod
864 611 958 668 neque
973 593 1064 650 malos

154 673 310 730 defendere
326 673 448 739 volebat,
466 690 560 746 neque
575 672 753 747 impugnare,
768 690 805 727 ne
826 690 930 728 manus
944 689 1063 729 suorum

154 752 299 828 sanguine
314 760 490 808 cruentaret.
532 749 668 825 Namque
683 768 796 806 omnem
818 750 933 807 civilem
948 750 1062 807 victori·

155 849 203 885 orn
219 827 365 885 funestam
380 829 509 904 putabat.
549 827 637 897 Idem,
653 839 800 903 postquam
816 829 891 904 apud
905 828 1063 886 Cadmeam

155 926 224 964 cum
239 907 468 964 Lacedaemoniis
479 908 603 982 pugnari
617 916 744 981 coeptum
759 916 810 975 est,
820 908 850 963 in
865 907 964 981 primis
973 908 1060 964 stetit.

154 985 256 1060 Hujus
280 985 315 1042 de
335 985 491 1042 virtutibus
512 986 629 1059 vitaque
652 985 721 1041 satis
746 986 801 1042 erit
822 985 940 1053 dictum,
962 986 987 1041 si
1009 985 1101 1044 hoci

154 1083 248 1130 ¹unum
264 1063 430 1138 adjunxero,
445 1063 520 1138 quod
534 1081 619 1119 nemo
628 1073 675 1120 eat
689 1063 804 1132 initiae,
821 1063 938 1120 Thebas
953 1072 981 1120 et
996 1075 1061 1120 ante

157 1142 388 1217 Epaminondam
408 1153 519 1210 natum,
535 1150 563 1197 et
588 1151 650 1216 post
669 1141 733 1216 ejus
747 1142 905 1210 interitum,
927 1151 1064 1216 perpetuo

157 1221 251 1278 alieno
272 1221 402 1295 paruisse
423 1221 562 1294 imperio;
586 1229 687 1292 eontra
701 1239 745 1288 ea,
761 1220 901 1294 quamdiu
923 1219 972 1276 ille
994 1237 1064 1294 prae-

158 1297 244 1356 fuerit
258 1299 434 1374 reipublicae,
449 1308 537 1373 ceput
552 1297 641 1354 fuisse
658 1300 744 1355 totius
765 1297 898 1354 Graeoiae.
941 1297 988 1354 Ex
1009 1316 1065 1372 quo

156 1378 279 1454 intelligi
300 1375 400 1452 potest,
416 1395 508 1434 unum
530 1377 674 1434 hominem
689 1377 790 1452 pluriS,
805 1394 894 1453 quam
909 1377 1064 1444 civitatem,

156 1455 256 1514 fuisse.

306 1847 444 1920 XVI.
509 1847 920 1924 PELOPIDAS.

184 2157 218 2218 l.
241 2155 406 2232 Pelopidas,
426 2155 581 2226 Thebanus,
597 2159 688 2234 magis
703 2159 853 2227 historicis,
865 2179 951 2234 quam
964 2159 1060 2238 vulgo,
1084 2166 1099 2217 l

153 2246 248 2293 notus
290 2236 384 2311 Cujus
404 2237 440 2294 de
462 2238 616 2294 virtutibus
635 2238 733 2294 dubito
753 2239 993 2312 quemadmodum
1013 2259 1061 2296 ex-

155 2335 271 2392 ponam,
286 2316 360 2390 quod
376 2333 486 2384 vereor,
502 2333 548 2384 ne,
564 2317 594 2372 si¹
610 2334 656 2372 res
677 2317 823 2392 explicare
844 2318 990 2394 incipiam,
1006 2335 1061 2374 non

154 2395 244 2450 vitam
265 2394 330 2469 ejus
348 2412 496 2461 enarrare,
511 2395 561 2450 sed
581 2394 726 2451 historiam
745 2394 844 2451 videar
865 2396 1014 2466 scribere;
1038 2396 1062 2451 si

153 2471 351 2529 tantummodo
374 2483 504 2528 summas
532 2473 661 2548 attigero,
687 2491 724 2530 ne
752 2473 873 2530 rudibus
901 2474 1063 2529 litterarum

154 2550 328 2608 Graecarum
350 2552 445 2607 minus
466 2551 563 2608 lucide
589 2561 734 2626 appareat,
750 2561 877 2626 quantus
902 2550 990 2606 fuerit
1012 2549 1061 2607 ille

153 2630 209 2684 vir.
252 2628 352 2705 Itaque
367 2631 481 2704 utrique
502 2631 544 2687 rei
566 2647 729 2697 occurram,
745 2639 886 2703 quantum
907 2639 1012 2703 potero,
1034 2639 1063 2686 et

154 2706 290 2764 medebor
304 2727 395 2783 quum
406 2709 537 2776 satietati,
547 2717 610 2764 tum
620 2708 788 2784 ignorantiae
804 2707 954 2764 lectorum.
979 2707 1061 2766 Phoe·
1083 2714 1102 2764 2

153 2785 244 2854 hidas,
266 2785 515 2854 Lacedaemonius,
538 2805 629 2861 quum
651 2786 811 2842 exercitum
834 2785 995 2861 Olynthum
1011 2787 1061 2844 du-

154 2875 242 2932 ceret,
268 2866 380 2939 iterque
405 2884 455 2940 per
481 2865 598 2922 Thebas
618 2864 736 2934 faceret,
752 2883 849 2920 arcem
871 2865 974 2940 oppidi,
996 2885 1062 2940 quae

154 2943 281 3001 Cadmea
310 2944 483 3012 nominatur,
512 2944 667 3018 occupavit
698 2943 824 3019 impulsu
852 2963 1061 3020 perpaucorum

155 3021 370 3090 Thebanorum,
386 3023 446 3097 qui,
462 3021 635 3078 adversariae
660 3021 777 3080 factioni
798 3040 856 3097 qno
881 3023 997 3080 facilius
1018 3041 1060 3080 re·
1118 3030 1120 3040 '

154 3101 296 3168 sisterent,
313 3099 465 3157 Laconum
481 3100 566 3156 rebus
581 3100 749 3158 studebant:
774 3101 860 3175 idque
875 3121 927 3158 suo
941 3102 1060 3177 privato,
1107 3097 1112 3105 ¹

154 3197 210 3235 non
225 3179 350 3254 publico,
367 3177 435 3235 feeit
450 3179 577 3235 consilio.
620 3179 687 3243 Quo
702 3177 777 3236 facto
791 3199 858 3236 eum
878 3179 1060 3238 Lacedaemo-
1082 3186 1100 3239 3

154 3258 194 3313 nii
209 3258 245 3314 ab
267 3257 399 3314 exercitu
414 3267 599 3314 removerunt
613 3259 794 3332 pecuniaque
813 3259 990 3316 multarunt:
1012 3279 1060 3316 ne-

153 3354 210 3410 que
235 3355 270 3392 eo
291 3336 385 3411 magis
410 3354 506 3392 arcem
528 3335 677 3392 Thebanis
692 3336 884 3407 reddiderunt,
900 3338 975 3414 quod
1000 3358 1060 3396 sus-

154 3415 244 3488 ceptis
264 3414 424 3470 inimicitiis
437 3415 528 3471 satius
549 3414 693 3472 ducebant
707 3433 755 3472 eos
769 3417 900 3486 obsideri,
916 3436 1004 3491 quem
1029 3417 1060 3473 li-

154 3491 260 3548 berari.
303 3491 381 3547 Nam
404 3501 465 3565 post
485 3492 724 3567 Peloponnesium
749 3495 856 3551 bellum
873 3494 1061 3568 Athenasque

153 3570 282 3628 devictas
297 3587 366 3626 cum
390 3569 540 3627 Thebanis
560 3572 614 3627 sibi
637 3589 699 3626 rem
719 3591 782 3628 esse
807 3573 1018 3639 existimabant,
1034 3583 1062 3629 et

153 3668 202 3706 eos
216 3668 279 3706 esse
301 3647 384 3717 solos,
408 3649 458 3724 qui
483 3643 623 3705 ddversus
647 3651 779 3706 resistere
804 3649 954 3705 auderent.
996 3649 1062 3706 Hac
1083 3655 1100 3706 4

154 3738 248 3784 mente
264 3727 368 3784 amicis
381 3728 440 3784 suis
454 3743 583 3784 summas
603 3736 755 3838 potestates
768 3726 916 3792 dederant,
932 3725 1062 3785 alterius-

591 3809 609 3861 6
