2710 4300
248 391 288 450 96
388 382 511 448 XXIV.
559 392 583 458 l,
599 392 628 448 2.
676 383 737 467 (M.
755 383 887 447 Portica
906 383 1009 464 Cato.)

254 831 443 905 XXIV.
496 832 556 906 M.
600 829 903 904 PORTIUS
946 830 1154 903 CATO.

207 1172 221 1225 1
284 1167 308 1226 l.
334 1167 411 1237 Cato,
427 1175 503 1224 orlaa
517 1169 666 1240 municipio
690 1164 819 1234 Tusculo,
836 1164 1078 1232 adolescentulus,
1095 1165 1153 1239 pri-

246 1265 369 1322 usquam
383 1248 538 1304 honoribus
547 1239 664 1321 operam
675 1245 765 1314 daret,
778 1255 910 1301 versatus
921 1256 964 1302 est
980 1245 1009 1300 in
1023 1243 1153 1312 Sabinis,

244 1326 320 1400 quod
335 1326 374 1382 ibi
389 1327 540 1384 heredium
555 1345 573 1381 a
593 1335 674 1400 patre
693 1323 827 1380 relictum
849 1323 982 1380 habebat.
1024 1322 1153 1379 Hortatu

244 1404 281 1462 L.
298 1404 412 1462 Valerii
437 1405 549 1472 Flacci,
563 1423 650 1479 quem
665 1404 693 1458 in
716 1403 873 1460 consulatu
895 1409 1077 1476 censuraque
1100 1401 1151 1456 ha-

245 1483 306 1540 buit
320 1484 472 1561 collegam,
486 1493 517 1540 ut
534 1483 573 1539 M.
589 1482 735 1557 Perperna
749 1481 904 1538 Censorius
919 1499 1038 1537 narrare
1048 1481 1152 1537 solitus

205 1566 223 1618 2
244 1571 294 1630 est,
310 1562 432 1619 Romam
448 1562 628 1638 demigravit,
644 1558 804 1635 inferoque
819 1578 882 1615 esse
897 1561 995 1633 coepit.
1019 1559 1152 1614 Primum

243 1641 416 1716 stipendium
431 1641 536 1698 meruit
561 1658 701 1697 annorum
721 1639 823 1695 decem
844 1648 1021 1713 septemque,
1037 1636 1076 1701 Q.
1094 1637 1150 1694 Fa-

244 1719 298 1786 bio,
316 1719 354 1776 M.
370 1719 493 1777 Claudio
513 1719 697 1777 Consulibus
741 1716 892 1774 Tribunus
907 1717 1030 1774 militum
1052 1717 1082 1770 in
1105 1715 1150 1770 Si-

243 1797 312 1852 cilia
327 1797 390 1854 suit.
433 1798 503 1855 Inde
518 1807 550 1854 ut
570 1797 663 1865 rediit,
678 1805 774 1852 castra
788 1805 905 1852 secutus
919 1805 961 1851 est
983 1794 1016 1851 C.
1032 1793 1151 1850 Claudii

243 1873 379 1942 Neronis,
396 1878 551 1951 magnique
571 1894 657 1950 opera
672 1875 736 1949 ejus
750 1875 913 1930 existimata
927 1883 970 1930 est
994 1874 1024 1928 in
1045 1872 1151 1948 proelio

243 1953 318 2027 apud
334 1952 448 2022 Senam,
464 1973 521 2029 quo
535 1955 640 2011 cecidit
661 1953 836 2021 Hasdrubal,
852 1951 940 2008 frater
961 1951 1148 2009 Hannibalis

203 2034 222 2086 3
243 2029 377 2094 Quaestor
390 2033 490 2109 obtigit
505 2032 537 2088 P.
552 2033 703 2100 Africano,
719 2031 841 2100 consuli,
856 2049 925 2087 cum
947 2049 1004 2104 quo
1018 2047 1075 2085 non
1097 2048 1150 2105 pro

242 2109 326 2164 sortis
340 2111 550 2176 necessitudine
565 2112 654 2168 vixit:
676 2128 801 2184 namque
825 2109 861 2166 ab
875 2128 909 2166 eo
930 2119 1069 2184 perpetua
1092 2108 1148 2163 dis-

242 2187 330 2243 sensit
352 2189 419 2244 vita.
461 2189 566 2245 AEdilis
590 2188 682 2264 plebis
706 2187 800 2245 sactus
822 2199 865 2246 est
890 2206 958 2244 cum
979 2188 1013 2244 C.
1030 2186 1147 2244 Helvio,

202 2269 221 2321 4
242 2264 350 2321 Praetor
370 2265 547 2340 provinciam
561 2268 683 2324 obtinuit
697 2266 870 2335 Sardiniam,
886 2285 923 2322 ex
943 2285 1002 2340 qua
1020 2275 1148 2339 quaestcr

242 2345 388 2418 superiore
422 2355 547 2421 tempore
581 2365 618 2402 ex
646 2345 752 2402 Africa
776 2345 918 2402 decedens
946 2344 984 2409 Q.
1015 2343 1147 2400 Ennium

242 2430 352 2498 poetam
364 2422 535 2480 deduxerat:
557 2425 632 2498 quod
644 2443 699 2480 non
710 2425 828 2480 minoris
839 2425 1046 2491 existimamus,
1057 2441 1146 2497 quam

241 2502 397 2575 quemlibet
412 2502 621 2577 amplissimum
636 2501 851 2558 Sardiniensem
867 2503 1053 2577 triumphum.

109 2652 118 2662 ἱ
203 2584 218 2636 1
281 2579 318 2636 ll.
341 2579 529 2640 Consulatum
550 2581 638 2656 gessit
652 2600 720 2638 cum
742 2579 778 2637 L.
794 2579 915 2637 Valerio
936 2580 1053 2649 Flacco,
1069 2590 1145 2636 sorte

241 2659 419 2730 provinciam
435 2669 537 2716 nactus
559 2658 730 2734 Hispaniam
745 2660 920 2728 citeriorem,
936 2678 1031 2733 exque
1046 2677 1081 2714 ea
1095 2657 1144 2714 tri·

201 2740 220 2792 2
243 2737 380 2808 umphum
397 2737 565 2811 deportavit.
608 2737 651 2793 lbi
675 2754 766 2812 quum
791 2737 900 2794 diutius
922 2747 1094 2805 moraretur,
1110 2735 1143 2792 P.

241 2813 338 2887 Scipio
353 2813 522 2884 Africanus,
537 2815 644 2872 Consul
660 2810 877 2891 iterum,'cujus
891 2817 921 2870 in
940 2817 1030 2891 priori
1041 2833 1144 2872 consu·

240 2891 300 2947 latu
315 2902 438 2965 quaestor
453 2892 555 2962 fuerat,
572 2893 662 2950 voluit
682 2912 749 2950 eum
769 2893 804 2950 de
818 2895 968 2967 provincia
988 2894 1144 2969 depellere,

239 2977 268 3024 et
282 2969 342 3044 ipse
356 2971 384 3026 ei
404 2971 572 3028 succedere.
615 2970 721 3046 Neque
742 2972 796 3028 hoc
815 2991 867 3046 per
880 2983 1013 3030 senatum
1029 2972 1146 3029 efficere

240 3047 338 3121 potuit,
353 3067 443 3122 quum
458 3050 573 3124 quidem
594 3049 690 3123 Scipio
704 3050 734 3104 in
749 3050 865 3106 civitate
886 3051 1080 3126 principatum
1095 3051 1145 3109 ob·

239 3126 360 3182 tineret:
382 3127 456 3201 quod
470 3138 532 3186 tum
547 3146 602 3183 non
617 3129 750 3202 potentia,
766 3129 815 3184 sed
836 3129 904 3203 jure
915 3129 1083 3205 respublica
1097 3129 1145 3186 ad·

240 3204 465 3261 ministrabatur.
520 3205 589 3270 Qua
609 3224 644 3284 err
669 3224 699 3262 re
724 3207 815 3263 iratus
842 3209 965 3276 senatui,
992 3206 1146 3264 consulatu

201 3283 219 3337 3
241 3289 364 3354 peracto,
380 3283 508 3355 privatus
522 3283 550 3338 in
567 3283 637 3340 urbe
653 3285 765 3340 mansit.
810 3284 850 3340 At
864 3284 944 3351 Cato,
960 3303 1064 3342 censor
1077 3305 1147 3343 cum

240 3357 340 3413 codem
352 3357 459 3416 Flacco
474 3359 576 3429 sactus,
592 3380 693 3418 severe
709 3359 823 3436 praefuit
838 3363 865 3418 ei
880 3364 1023 3436 potestati.
1067 3365 1148 3421 Nam

240 3445 269 3492 et
289 3435 318 3490 in
333 3435 496 3509 complures
510 3438 620 3494 nobiles
635 3440 844 3508 animadvertit,
860 3449 889 3495 et
913 3441 1022 3498 multas
1035 3461 1084 3500 res
1098 3462 1147 3500 no·

240 3531 292 3569 vas
313 3513 343 3568 in
365 3513 493 3570 edictum
518 3514 632 3585 addidit,
656 3535 714 3590 qua
738 3536 769 3574 re
789 3517 907 3574 luxuria
929 3521 1147 3595 reprimeretur,
1198 3527 1201 3535 ’

202 3594 220 3646 4
241 3608 306 3664 quae
316 3590 377 3662 jam
392 3600 453 3646 tum
468 3591 623 3662 incipiebat
643 3594 798 3667 pullulare.
841 3595 980 3670 [Circiter
994 3615 1086 3654 annos
1101 3617 1148 3654 oc-

240 3665 373 3739 toginta,]
405 3667 504 3738 Usque
520 3667 554 3721 ad
569 3676 727 3725 extremam
742 3678 854 3728 aetatem
880 3673 916 3728 ab
940 3674 1147 3744 adolescentia,

242 3742 409 3816 reipublicae
423 3759 514 3800 causa
532 3743 679 3817 suscipere
697 3747 863 3804 inimicitias
880 3766 937 3806 non
956 3751 1075 3810 destitit.
1118 3753 1147 3810 A
