2608 4300
237 401 279 461 90
449 395 572 460 XXIII.
616 404 645 470 3,
660 405 689 459 4.
733 383 939 478 (Hannibal.)

233 549 394 628 cacnjficarc
417 552 583 619 maneat,
608 569 730 625 comque,
751 553 849 608 cenna
869 552 988 619 reamur,
1010 559 1139 608 amntem

226 627 330 702 jurare
336 629 434 703 janni,
449 648 597 703 numqaum
610 649 652 686 mc
666 633 697 686 ia
706 633 829 686 canitia
843 648 904 684 cum
917 627 1138 706 Romaniaforc.

179 709 213 790 ἱ5
234 704 270 762 Id
283 708 541 782 egojnajurandum
550 711 629 782 patri
641 710 736 765 datum
749 727 836 782 usquo
849 709 888 762 od
900 707 971 764 tanc
983 716 1088 764 oetutom
1101 709 1140 764 ita

232 791 403 854 conseram,
427 797 458 844 ut
481 791 586 844 nemini
608 788 721 844 dubium
741 806 803 845 aare
823 786 927 854 detaut
949 789 1016 860 quin
1034 788 1139 861 reliquo

192 865 212 919 6
232 873 349 937 tompore
363 868 458 923 eodem
471 876 559 922 mento
572 864 763 942 aimfutume.
808 862 914 936 Quare,
928 867 1036 939 etquid
1053 869 1139 922 amico

231 945 267 998 de
281 941 418 1002 Romame
432 945 574 1020 cogitabis,
595 965 650 1001 aon
663 947 851 1018 imprudenter
864 942 985 1020 fhceria,
1000 946 1027 1000 ai
1042 962 1084 1000 me
1098 963 1138 1000 oo-

231 1023 328 1091 luria;
348 1025 553 1098 quampridem
568 1024 667 1080 bellom
686 1023 813 1097 parabis,
828 1032 853 1078 to
873 1025 963 1096 Ipsum
976 1020 1138 1099 fnestrobe·

230 1119 282 1169 m,
297 1105 324 1158 ai
337 1122 378 1159 me
392 1122 446 1159 non
460 1106 489 1160 In
503 1121 534 1160 eo
543 1105 699 1178 poirrctpem
708 1105 848 1176 porum.

194 1183 209 1236 1
271 1179 324 1238 111.
348 1180 413 1239 Hac
439 1184 536 1258 igitur,
559 1200 618 1257 qua
642 1182 777 1250 diximus,
802 1189 886 1237 aetate
911 1199 980 1254 curn
1004 1189 1086 1256 patre
1109 1180 1138 1235 In

132 1315 135 1320 ,
231 1257 404 1336 Hispaniam
418 1260 634 1336 proiectusest:
655 1261 742 1334 cujus
756 1260 945 1336 postobitum,
954 1258 1138 1315 Hasdrubale

231 1337 404 1414 Imperatore
418 1340 547 1408 suffecto,
562 1340 704 1414 equitatui
725 1340 803 1396 omni
824 1336 949 1412 praefuit.
990 1335 1055 1394 Hoc
1068 1356 1137 1411 quo-

232 1435 289 1490 que
309 1415 468 1487 Interfecto,
483 1420 630 1475 exercitus
644 1437 789 1474 summam
811 1417 925 1491 Imperii
940 1415 976 1473 ad
999 1434 1066 1472 eum
1090 1415 1136 1472 de-

230 1496 306 1553 tulit.
349 1495 379 1553 Id
400 1495 606 1574 Carthaginem
630 1497 758 1554 delatum
774 1496 898 1573 'publice
922 1494 1137 1570 comprobatum

191 1577 210 1629 2
230 1585 283 1631 est.
318 1575 368 1632 SIc
383 1574 530 1633 Hannibal
545 1577 639 1633 mInor
651 1577 780 1651 quinque
795 1585 823 1632 et
838 1575 939 1650 viginti
954 1573 1038 1630 annis
1052 1583 1137 1630 natus

229 1653 385 1728 imperator
406 1653 501 1712 sactus
522 1656 650 1732 proxImo
663 1656 787 1712 triennio
801 1672 900 1711 omnes
918 1661 1019 1730 gentes
1033 1650 1136 1726 Hispa-

229 1731 287 1787 niae
306 1732 382 1790 bello
396 1733 528 1810 subegit3
551 1734 724 1810 Saguntum,
739 1732 909 1790 foederatam
935 1731 1091 1798 civitatem,
1107 1732 1135 1786 vi

190 1811 209 1864 3
229 1813 426 1886 expugnavit3
449 1822 509 1869 tres
522 1813 669 1870 exercitus
693 1813 833 1869 maximos
858 1810 1046 1886 comparavit.
1090 1807 1136 1866 Ex

229 1887 381 1945 hisunum
407 1890 437 1946 in
452 1891 588 1948 Africam
611 1891 696 1960 misit,
712 1891 837 1951 alterum
861 1907 930 1946 cum
952 1886 1137 1945 Hasdrubale

230 1963 319 2023 fratre
340 1969 370 2024 In
395 1967 539 2045 Hispania
560 1970 685 2046 reIIquit,
701 1971 819 2027 tertium
843 1969 873 2024 In
898 1967 1012 2024 ltaliam
1036 1981 1136 2023 secum

229 2042 321 2101 duxit.
364 2046 479 2103 Saltum
502 2049 677 2123 Pyrenaeum
699 2049 822 2105 transiit.
865 2047 1062 2125 Quacumque
1083 2045 1137 2102 Iter

228 2120 306 2192 iecit,
319 2142 387 2180 curn
400 2127 534 2183 omnibus
548 2128 651 2185 Incolis
665 2128 812 2198 conflIxit3
836 2126 991 2194 nemiuem,
1007 2125 1063 2180 nisi
1078 2125 1135 2181 vic-

188 2204 208 2256 4
228 2211 299 2270 tum,
316 2201 433 2260 dimisit.
471 2206 520 2260 Ad
534 2205 628 2281 Alpes
642 2217 827 2281 posteaquam
842 2206 930 2272 venit,
946 2222 1011 2278 quae
1023 2203 1136 2261 Italiam

228 2280 265 2336 ab
280 2280 379 2338 Gallia
393 2282 558 2359 sejungunt,
574 2303 647 2358 quas
661 2303 746 2341 nemo
760 2302 899 2359 umquam
921 2302 990 2340 cum
1004 2284 1136 2338 exercitu

228 2370 295 2417 ante
321 2379 398 2430 eum,
425 2372 529 2436 praeter
554 2361 715 2420 Herculem
740 2363 873 2431 Graium,
888 2363 1040 2420 transierat
1066 2359 1136 2438 (quo

228 2437 304 2496 facto
324 2439 349 2496 is
370 2441 454 2497 hodie
475 2443 566 2500 saltus
589 2442 698 2498 Graius
719 2440 911 2519 appellatur):
935 2441 1063 2516 AlpicoS,
1089 2459 1135 2496 co-

226 2529 328 2576 nantes
342 2520 491 2595 prohibere
507 2521 638 2589 transitu,
651 2521 784 2594 concidit,
796 2520 863 2577 loca
877 2518 1019 2596 patefecit,
1028 2520 1137 2586 ¹ItInera

227 2598 339 2667 muniit,
355 2598 451 2656 effecit
466 2599 559 2674 [que],
571 2609 602 2656 ut
616 2617 652 2654 ea
666 2598 836 2675 elephantus
847 2603 965 2654 ornatus
979 2598 1022 2654 Ire
1031 2606 1134 2672 posset,

226 2694 285 2749 qua
299 2686 384 2734 antea
399 2695 475 2734 unus
496 2678 580 2734 homo
594 2677 712 2734 Inermis
727 2678 776 2732 va
791 2685 899 2754 poterat
915 2693 1025 2751 repere.
1068 2674 1135 2732 Hac

226 2754 325 2828 copias
339 2754 473 2825 traduxit,
489 2755 517 2812 In
533 2755 703 2829 Italiamque
718 2757 857 2831 pervenit.

188 2835 203 2887 1
266 2831 320 2889 IV.
350 2832 525 2891 Conflixerat
551 2834 625 2910 apud
652 2835 825 2892 Rhodanum
850 2853 918 2891 cum
941 2833 974 2890 P.
1000 2831 1136 2889 Cornelio

226 2908 360 2984 Scipione
375 2911 440 2968 Cos.
456 2931 582 2986 eumque
597 2913 756 2987 pepulerat.
798 2912 873 2969 Cum
887 2913 941 2969 hoc
955 2910 1055 2968 eodem
1071 2907 1135 2986 [de]

225 2987 364 3045 Clastidio
386 2990 462 3064 apud
477 2989 588 3048 Padurn
603 2990 750 3049 decernit:
773 2992 906 3048 saucium
921 2990 987 3046 inde
1003 3007 1037 3046 ac
1053 2987 1135 3064 iuga·

186 3068 205 3120 2
226 3075 287 3122 tum
302 3066 427 3125 dimittit.
470 3067 570 3126 Tertio
585 3069 661 3126 idem
682 3070 863 3145 Scipio-cum
878 3069 1000 3144 collega,
1016 3067 1136 3124 Tiberio

226 3142 336 3221 Longa,
352 3146 428 3222 apud
453 3146 592 3206 Trebiam
607 3147 747 3206 adversus
771 3167 840 3205 eum
855 3149 943 3204 venit.
988 3147 1064 3203 Cum
1090 3145 1135 3203 his

225 3241 344 3280 manum
360 3227 524 3283 conseruit:
547 3237 683 3300 utrosque
708 3227 881 3304 profligavit.
924 3225 993 3282 Inde
1013 3243 1064 3300 per
1085 3223 1134 3282 Li·

186 3305 204 3359 3
225 3319 314 3378 gures
329 3302 517 3376 Apenninum
538 3306 659 3375 transiit,
676 3317 775 3380 petens
801 3304 960 3362 Etruriam.
1003 3303 1068 3360 Hoc
1089 3303 1134 3360 Iti-

224 3396 295 3438 nere
320 3380 392 3437 adeo
412 3383 497 3456 gravi
522 3385 620 3440 morbo
644 3384 770 3442 afficitur
793 3383 956 3451 oculorum,
981 3391 1013 3438 ut
1037 3392 1135 3456 postea

224 3476 383 3534 numquam
399 3459 516 3518 dextero
530 3479 612 3536 aeque
628 3462 700 3518 bene
716 3481 785 3519 usus
800 3463 845 3518 sit.
885 3461 955 3526 Qua
970 3460 1135 3517 valetudIne

223 3555 315 3613 quum
340 3538 427 3593 etiam
452 3555 531 3594 nuno
556 3550 744 3614 premeretur,
760 3540 923 3614 lecticaque
949 3537 1081 3606 ferretur,
1097 3537 1132 3595 C.

224 3615 403 3671 FlamInium
424 3615 489 3672 Cos·
507 3617 582 3689 apud
607 3615 812 3674 TrasImenum
828 3637 895 3674 cum
910 3618 1041 3674 exercitu
1065 3617 1133 3673 insi·
1173 3625 1187 3650 ·

224 3691 279 3748 diis
293 3693 525 3768 circumventum
540 3691 661 3750 occidito
683 3713 777 3769 neque
792 3696 883 3760 multo
897 3706 958 3771 post
979 3695 1013 3752 C.
1030 3695 1134 3752 Cento·-
1166 3697 1167 3700 ’

224 3769 306 3824 nium
329 3778 489 3842 praetorem,
505 3787 574 3825 curn
595 3767 707 3827 delecta
721 3791 810 3830 manu
824 3774 916 3830 saltus
929 3782 1132 3848 occupantem.
1175 3793 1187 3814 ·
