<?xml version="1.0" encoding="UTF-8"?>
<!DOCTYPE html PUBLIC "-//W3C//DTD XHTML 1.0 Transitional//EN"
    "http://www.w3.org/TR/xhtml1/DTD/xhtml1-transitional.dtd">
<html xmlns="http://www.w3.org/1999/xhtml" xml:lang="en" lang="en">
 <head>
  <title>
</title>
<meta http-equiv="Content-Type" content="text/html;charset=utf-8" />
  <meta name='ocr-system' content='tesseract 3.04.00' />
  <meta name='ocr-capabilities' content='ocr_page ocr_carea ocr_par ocr_line ocrx_word'/>
</head>
<body>
  <div class='ocr_page' id='page_1' title='image "./corneliusneposw09nepogoog_0103.png"; bbox 0 0 2710 4300; ppageno 0'>
   <div class='ocr_carea' id='block_1_1' title="bbox 234 347 1108 451">
    <p class='ocr_par' dir='ltr' id='par_1_1' title="bbox 234 347 1108 451">
     <span class='ocr_line' id='line_1_1' title="bbox 234 347 1108 451; baseline -0.005 -17"><span class='ocrx_word' id='word_1_1' title='bbox 234 377 276 436; x_wconf 84' lang='grc'><strong>98</strong></span> <span class='ocrx_word' id='word_1_2' title='bbox 333 369 441 434; x_wconf 89' lang='lat' dir='ltr'>XXV.</span> <span class='ocrx_word' id='word_1_3' title='bbox 486 377 515 444; x_wconf 82' lang='lat'><strong>2,</strong></span> <span class='ocrx_word' id='word_1_4' title='bbox 531 377 560 433; x_wconf 81' lang='lat'><strong>3.</strong></span> <span class='ocrx_word' id='word_1_5' title='bbox 608 367 660 451; x_wconf 90' lang='grc' dir='ltr'><strong>(Τ.</strong></span> <span class='ocrx_word' id='word_1_6' title='bbox 677 347 872 451; x_wconf 77' lang='lat' dir='ltr'><em>Pomponius</em></span> <span class='ocrx_word' id='word_1_7' title='bbox 888 367 1037 450; x_wconf 83' lang='lat' dir='ltr'><strong>Atticos.)</strong></span> <span class='ocrx_word' id='word_1_8' title='bbox 1106 441 1108 444; x_wconf 87' lang='lat'>.</span> 
     </span>
    </p>
   </div>
   <div class='ocr_carea' id='block_1_2' title="bbox 230 511 1143 599">
    <p class='ocr_par' dir='ltr' id='par_1_2' title="bbox 230 511 1143 599">
     <span class='ocr_line' id='line_1_2' title="bbox 230 511 1143 599; baseline 0 -19"><span class='ocrx_word' id='word_1_9' title='bbox 230 524 444 599; x_wconf 80' lang='lat' dir='ltr'><strong>pronunciaret.</strong></span> <span class='ocrx_word' id='word_1_10' title='bbox 475 522 545 588; x_wconf 82' lang='lat' dir='ltr'><strong>Qua</strong></span> <span class='ocrx_word' id='word_1_11' title='bbox 558 541 594 578; x_wconf 87' lang='lat' dir='ltr'><strong>ex</strong></span> <span class='ocrx_word' id='word_1_12' title='bbox 610 539 641 580; x_wconf 91' lang='lat' dir='ltr'><strong>re</strong></span> <span class='ocrx_word' id='word_1_13' title='bbox 656 523 686 578; x_wconf 89' lang='lat' dir='ltr'><strong>in</strong></span> <span class='ocrx_word' id='word_1_14' title='bbox 701 521 824 598; x_wconf 85' lang='lat' dir='ltr'><strong>pueritia</strong></span> <span class='ocrx_word' id='word_1_15' title='bbox 838 521 943 578; x_wconf 91' lang='lat' dir='ltr'><strong>nobilis</strong></span> <span class='ocrx_word' id='word_1_16' title='bbox 956 511 1031 580; x_wconf 76' lang='lat' dir='ltr'><strong>inter</strong></span> <span class='ocrx_word' id='word_1_17' title='bbox 1044 541 1143 597; x_wconf 85' lang='lat' dir='ltr'><strong>aequa-</strong></span> 
     </span>
    </p>
   </div>
   <div class='ocr_carea' id='block_1_3' title="bbox 185 599 1195 3824">
    <p class='ocr_par' dir='ltr' id='par_1_3' title="bbox 229 599 1144 678">
     <span class='ocr_line' id='line_1_3' title="bbox 229 599 1144 678; baseline 0.001 -20"><span class='ocrx_word' id='word_1_18' title='bbox 229 602 272 660; x_wconf 87' lang='lat' dir='ltr'><strong>les</strong></span> <span class='ocrx_word' id='word_1_19' title='bbox 284 602 440 671; x_wconf 90' lang='lat' dir='ltr'><strong>ferebatur,</strong></span> <span class='ocrx_word' id='word_1_20' title='bbox 450 601 617 676; x_wconf 87' lang='lat' dir='ltr'><strong>clariusque</strong></span> <span class='ocrx_word' id='word_1_21' title='bbox 631 599 895 675; x_wconf 88' lang='lat' dir='ltr'><strong>exsplendescebat‚</strong></span> <span class='ocrx_word' id='word_1_22' title='bbox 905 619 994 675; x_wconf 86' lang='lat' dir='ltr'><strong>quam</strong></span> <span class='ocrx_word' id='word_1_23' title='bbox 1007 603 1144 678; x_wconf 87' lang='lat' dir='ltr'><strong>generosi</strong></span> 
     </span>
    </p>

    <p class='ocr_par' dir='ltr' id='par_1_4' title="bbox 189 678 1144 990">
     <span class='ocr_line' id='line_1_4' title="bbox 189 678 1144 756; baseline 0 -18"><span class='ocrx_word' id='word_1_24' title='bbox 189 685 209 738; x_wconf 81' lang='lat'>4</span> <span class='ocrx_word' id='word_1_25' title='bbox 229 681 418 755; x_wconf 82' lang='lat' dir='ltr'><strong>condiscipuli</strong></span> <span class='ocrx_word' id='word_1_26' title='bbox 433 681 529 736; x_wconf 90' lang='lat' dir='ltr'><strong>animo</strong></span> <span class='ocrx_word' id='word_1_27' title='bbox 543 698 625 753; x_wconf 85' lang='lat' dir='ltr'><strong>aequo</strong></span> <span class='ocrx_word' id='word_1_28' title='bbox 640 678 715 735; x_wconf 88' lang='lat' dir='ltr'><strong>ferre</strong></span> <span class='ocrx_word' id='word_1_29' title='bbox 731 687 854 755; x_wconf 82' lang='lat' dir='ltr'><strong>possent.</strong></span> <span class='ocrx_word' id='word_1_30' title='bbox 891 678 991 756; x_wconf 88' lang='lat' dir='ltr'><strong>ltaque</strong></span> <span class='ocrx_word' id='word_1_31' title='bbox 1003 681 1144 738; x_wconf 91' lang='lat' dir='ltr'><strong>incitabat</strong></span> 
     </span>
     <span class='ocr_line' id='line_1_5' title="bbox 227 755 1142 834; baseline 0 -17"><span class='ocrx_word' id='word_1_32' title='bbox 227 779 327 817; x_wconf 89' lang='lat' dir='ltr'><strong>omnes</strong></span> <span class='ocrx_word' id='word_1_33' title='bbox 341 757 434 816; x_wconf 88' lang='lat' dir='ltr'><strong>studio</strong></span> <span class='ocrx_word' id='word_1_34' title='bbox 445 775 517 829; x_wconf 91' lang='lat' dir='ltr'><strong>suo;</strong></span> <span class='ocrx_word' id='word_1_35' title='bbox 540 777 597 833; x_wconf 92' lang='lat' dir='ltr'><strong>quo</strong></span> <span class='ocrx_word' id='word_1_36' title='bbox 611 759 640 814; x_wconf 91' lang='lat' dir='ltr'><strong>in</strong></span> <span class='ocrx_word' id='word_1_37' title='bbox 651 775 773 814; x_wconf 90' lang='lat' dir='ltr'><strong>numero</strong></span> <span class='ocrx_word' id='word_1_38' title='bbox 786 755 904 815; x_wconf 81' lang='lat' dir='ltr'><strong>fuerunt</strong></span> <span class='ocrx_word' id='word_1_39' title='bbox 915 757 954 816; x_wconf 67' lang='lat' dir='ltr'><strong>L:</strong></span> <span class='ocrx_word' id='word_1_40' title='bbox 963 759 1142 834; x_wconf 86' lang='lat' dir='ltr'><strong>Torquatus,</strong></span> 
     </span>
     <span class='ocr_line' id='line_1_6' title="bbox 227 835 1144 909; baseline 0.001 -14"><span class='ocrx_word' id='word_1_41' title='bbox 227 838 262 895; x_wconf 88' lang='lat' dir='ltr'><strong>C.</strong></span> <span class='ocrx_word' id='word_1_42' title='bbox 280 837 393 894; x_wconf 89' lang='lat' dir='ltr'><strong>Marius</strong></span> <span class='ocrx_word' id='word_1_43' title='bbox 413 837 500 906; x_wconf 89' lang='lat' dir='ltr'><strong>filius,</strong></span> <span class='ocrx_word' id='word_1_44' title='bbox 517 837 557 893; x_wconf 89' lang='lat' dir='ltr'><strong>M.</strong></span> <span class='ocrx_word' id='word_1_45' title='bbox 574 836 693 894; x_wconf 88' lang='lat' dir='ltr'><strong>Cicero:</strong></span> <span class='ocrx_word' id='word_1_46' title='bbox 715 853 786 909; x_wconf 89' lang='lat' dir='ltr'><strong>quos</strong></span> <span class='ocrx_word' id='word_1_47' title='bbox 801 835 1007 896; x_wconf 76' lang='lat' dir='ltr'><strong>consuetudine</strong></span> <span class='ocrx_word' id='word_1_48' title='bbox 1028 840 1144 896; x_wconf 82' lang='lat' dir='ltr'><strong>suasio</strong></span> 
     </span>
     <span class='ocr_line' id='line_1_7' title="bbox 228 914 1005 990; baseline -0.001 -17"><span class='ocrx_word' id='word_1_49' title='bbox 228 917 283 974; x_wconf 84' lang='lat' dir='ltr'>sibi</span> <span class='ocrx_word' id='word_1_50' title='bbox 298 916 434 985; x_wconf 75' lang='lat' dir='ltr'>devinxit,</span> <span class='ocrx_word' id='word_1_51' title='bbox 451 927 483 972; x_wconf 91' lang='lat' dir='ltr'><strong>ut</strong></span> <span class='ocrx_word' id='word_1_52' title='bbox 497 934 582 973; x_wconf 90' lang='lat' dir='ltr'><strong>nemo</strong></span> <span class='ocrx_word' id='word_1_53' title='bbox 596 916 631 972; x_wconf 91' lang='lat' dir='ltr'><strong>iis</strong></span> <span class='ocrx_word' id='word_1_54' title='bbox 645 923 783 990; x_wconf 88' lang='lat' dir='ltr'><strong>perpetuo</strong></span> <span class='ocrx_word' id='word_1_55' title='bbox 800 914 886 972; x_wconf 90' lang='lat' dir='ltr'><strong>fuerit</strong></span> <span class='ocrx_word' id='word_1_56' title='bbox 900 916 1005 972; x_wconf 85' lang='lat' dir='ltr'><strong>carior.</strong></span> 
     </span>
    </p>

    <p class='ocr_par' dir='ltr' id='par_1_5' title="bbox 190 992 1141 1307">
     <span class='ocr_line' id='line_1_8' title="bbox 190 992 1141 1072; baseline 0.001 -21"><span class='ocrx_word' id='word_1_57' title='bbox 190 998 204 1051; x_wconf 93' lang='lat'>1</span> <span class='ocrx_word' id='word_1_58' title='bbox 268 995 306 1052; x_wconf 93' lang='lat' dir='ltr'><strong>II.</strong></span> <span class='ocrx_word' id='word_1_59' title='bbox 330 995 415 1052; x_wconf 86' lang='lat' dir='ltr'><strong>Pater</strong></span> <span class='ocrx_word' id='word_1_60' title='bbox 430 1005 542 1051; x_wconf 85' lang='lat' dir='ltr'><strong>mature</strong></span> <span class='ocrx_word' id='word_1_61' title='bbox 557 994 691 1051; x_wconf 82' lang='lat' dir='ltr'><strong>decessit.</strong></span> <span class='ocrx_word' id='word_1_62' title='bbox 728 992 792 1068; x_wconf 90' lang='lat' dir='ltr'><strong>Ipse</strong></span> <span class='ocrx_word' id='word_1_63' title='bbox 808 993 1043 1052; x_wconf 90' lang='lat' dir='ltr'><strong>adolescentulus</strong></span> <span class='ocrx_word' id='word_1_64' title='bbox 1056 1012 1141 1072; x_wconf 89' lang='lat' dir='ltr'><strong>prop-</strong></span> 
     </span>
     <span class='ocr_line' id='line_1_9' title="bbox 227 1072 1141 1148; baseline 0.002 -18"><span class='ocrx_word' id='word_1_65' title='bbox 227 1083 273 1131; x_wconf 91' lang='lat' dir='ltr'><strong>ter</strong></span> <span class='ocrx_word' id='word_1_66' title='bbox 287 1073 454 1131; x_wconf 87' lang='lat' dir='ltr'><strong>affinitatem</strong></span> <span class='ocrx_word' id='word_1_67' title='bbox 469 1073 501 1129; x_wconf 92' lang='lat' dir='ltr'><strong>P.</strong></span> <span class='ocrx_word' id='word_1_68' title='bbox 517 1073 651 1148; x_wconf 91' lang='lat' dir='ltr'><strong>Sulpicii,</strong></span> <span class='ocrx_word' id='word_1_69' title='bbox 673 1073 724 1147; x_wconf 90' lang='lat' dir='ltr'><strong>qui</strong></span> <span class='ocrx_word' id='word_1_70' title='bbox 738 1073 872 1130; x_wconf 88' lang='lat' dir='ltr'><strong>tribunus</strong></span> <span class='ocrx_word' id='word_1_71' title='bbox 893 1072 984 1148; x_wconf 90' lang='lat' dir='ltr'><strong>plebis</strong></span> <span class='ocrx_word' id='word_1_72' title='bbox 1004 1073 1141 1132; x_wconf 84' lang='lat' dir='ltr'><strong>interfec-</strong></span> 
     </span>
     <span class='ocr_line' id='line_1_10' title="bbox 228 1150 1141 1227; baseline 0 -18"><span class='ocrx_word' id='word_1_73' title='bbox 228 1162 340 1222; x_wconf 82' lang='lat' dir='ltr'><strong>tuaest,</strong></span> <span class='ocrx_word' id='word_1_74' title='bbox 356 1171 412 1208; x_wconf 91' lang='lat' dir='ltr'><strong>non</strong></span> <span class='ocrx_word' id='word_1_75' title='bbox 427 1169 530 1227; x_wconf 84' lang='lat' dir='ltr'><strong>expers</strong></span> <span class='ocrx_word' id='word_1_76' title='bbox 545 1151 599 1208; x_wconf 85' lang='lat' dir='ltr'><strong>fuit</strong></span> <span class='ocrx_word' id='word_1_77' title='bbox 613 1151 693 1208; x_wconf 90' lang='lat' dir='ltr'><strong>illius</strong></span> <span class='ocrx_word' id='word_1_78' title='bbox 707 1150 840 1226; x_wconf 88' lang='lat' dir='ltr'><strong>periculi.</strong></span> <span class='ocrx_word' id='word_1_79' title='bbox 862 1151 1005 1225; x_wconf 52' lang='lat' dir='ltr'><strong>‘Namque</strong></span> <span class='ocrx_word' id='word_1_80' title='bbox 1021 1153 1141 1224; x_wconf 87' lang='lat' dir='ltr'><strong>Anicia,</strong></span> 
     </span>
     <span class='ocr_line' id='line_1_11' title="bbox 229 1228 1139 1307; baseline -0.001 -18"><span class='ocrx_word' id='word_1_81' title='bbox 229 1229 377 1307; x_wconf 91' lang='lat' dir='ltr'><strong>Pomponii</strong></span> <span class='ocrx_word' id='word_1_82' title='bbox 391 1230 570 1299; x_wconf 86' lang='lat' dir='ltr'><strong>consobrina,</strong></span> <span class='ocrx_word' id='word_1_83' title='bbox 579 1240 718 1305; x_wconf 82' lang='lat' dir='ltr'><strong>nupserat</strong></span> <span class='ocrx_word' id='word_1_84' title='bbox 733 1228 774 1285; x_wconf 91' lang='grc' dir='ltr'><strong>Μ.</strong></span> <span class='ocrx_word' id='word_1_85' title='bbox 785 1229 895 1300; x_wconf 84' lang='lat' dir='ltr'><strong>Servio,</strong></span> <span class='ocrx_word' id='word_1_86' title='bbox 907 1228 987 1287; x_wconf 86' lang='lat' dir='ltr'><strong>fratri</strong></span> <span class='ocrx_word' id='word_1_87' title='bbox 1002 1231 1139 1306; x_wconf 82' lang='lat' dir='ltr'><strong>Sulpicii.</strong></span> 
     </span>
    </p>

    <p class='ocr_par' dir='ltr' id='par_1_6' title="bbox 189 1308 1142 1856">
     <span class='ocr_line' id='line_1_12' title="bbox 189 1308 1142 1385; baseline 0.003 -21"><span class='ocrx_word' id='word_1_88' title='bbox 189 1309 329 1385; x_wconf 83' lang='lat' dir='ltr'><strong>2ltaque</strong></span> <span class='ocrx_word' id='word_1_89' title='bbox 354 1308 504 1368; x_wconf 87' lang='lat' dir='ltr'><strong>interfecto</strong></span> <span class='ocrx_word' id='word_1_90' title='bbox 532 1309 663 1384; x_wconf 86' lang='lat' dir='ltr'><strong>Sulpicio</strong></span> <span class='ocrx_word' id='word_1_91' title='bbox 691 1317 877 1384; x_wconf 89' lang='lat' dir='ltr'><strong>posteaquam</strong></span> <span class='ocrx_word' id='word_1_92' title='bbox 898 1308 978 1377; x_wconf 88' lang='lat' dir='ltr'><strong>vidit,</strong></span> <span class='ocrx_word' id='word_1_93' title='bbox 1006 1309 1142 1368; x_wconf 82' lang='lat' dir='ltr'><strong>Cinnano</strong></span> 
     </span>
     <span class='ocr_line' id='line_1_13' title="bbox 228 1386 1139 1463; baseline -0.001 -18"><span class='ocrx_word' id='word_1_94' title='bbox 228 1389 353 1445; x_wconf 83' lang='lat' dir='ltr'><strong>tumultu</strong></span> <span class='ocrx_word' id='word_1_95' title='bbox 368 1389 514 1445; x_wconf 88' lang='lat' dir='ltr'><strong>civitatem</strong></span> <span class='ocrx_word' id='word_1_96' title='bbox 529 1407 592 1444; x_wconf 87' lang='lat' dir='ltr'><strong>esse</strong></span> <span class='ocrx_word' id='word_1_97' title='bbox 607 1386 813 1463; x_wconf 89' lang='lat' dir='ltr'><strong>perturbatam,</strong></span> <span class='ocrx_word' id='word_1_98' title='bbox 829 1405 924 1463; x_wconf 85' lang='lat' dir='ltr'><strong>neque</strong></span> <span class='ocrx_word' id='word_1_99' title='bbox 938 1387 993 1444; x_wconf 88' lang='lat' dir='ltr'><strong>sibi</strong></span> <span class='ocrx_word' id='word_1_100' title='bbox 1017 1387 1080 1454; x_wconf 81' lang='lat' dir='ltr'><strong>dari</strong></span> <span class='ocrx_word' id='word_1_101' title='bbox 1096 1388 1139 1444; x_wconf 85' lang='lat' dir='ltr'><strong>fe-</strong></span> 
     </span>
     <span class='ocr_line' id='line_1_14' title="bbox 227 1463 1140 1543; baseline -0.001 -18"><span class='ocrx_word' id='word_1_102' title='bbox 227 1468 366 1526; x_wconf 83' lang='lat' dir='ltr'><strong>cultatem</strong></span> <span class='ocrx_word' id='word_1_103' title='bbox 382 1476 432 1543; x_wconf 86' lang='lat' dir='ltr'><strong>pro</strong></span> <span class='ocrx_word' id='word_1_104' title='bbox 453 1466 592 1542; x_wconf 86' lang='lat' dir='ltr'><strong>dignitate</strong></span> <span class='ocrx_word' id='word_1_105' title='bbox 608 1463 732 1534; x_wconf 89' lang='lat' dir='ltr'><strong>vivendi,</strong></span> <span class='ocrx_word' id='word_1_106' title='bbox 748 1466 820 1539; x_wconf 91' lang='lat' dir='ltr'><strong>quin</strong></span> <span class='ocrx_word' id='word_1_107' title='bbox 841 1465 1011 1524; x_wconf 83' lang='lat' dir='ltr'><strong>alterutram</strong></span> <span class='ocrx_word' id='word_1_108' title='bbox 1027 1477 1140 1542; x_wconf 90' lang='lat' dir='ltr'><strong>partem</strong></span> 
     </span>
     <span class='ocr_line' id='line_1_15' title="bbox 227 1544 1137 1618; baseline 0 -16"><span class='ocrx_word' id='word_1_109' title='bbox 227 1545 392 1616; x_wconf 86' lang='lat' dir='ltr'><strong>offenderet,</strong></span> <span class='ocrx_word' id='word_1_110' title='bbox 402 1545 563 1602; x_wconf 90' lang='lat' dir='ltr'><strong>dissociatis</strong></span> <span class='ocrx_word' id='word_1_111' title='bbox 578 1545 681 1601; x_wconf 89' lang='lat' dir='ltr'><strong>animis</strong></span> <span class='ocrx_word' id='word_1_112' title='bbox 696 1544 815 1611; x_wconf 87' lang='lat' dir='ltr'><strong>civium,</strong></span> <span class='ocrx_word' id='word_1_113' title='bbox 824 1563 916 1618; x_wconf 88' lang='lat' dir='ltr'><strong>quum</strong></span> <span class='ocrx_word' id='word_1_114' title='bbox 932 1545 982 1600; x_wconf 88' lang='lat' dir='ltr'><strong>alii</strong></span> <span class='ocrx_word' id='word_1_115' title='bbox 996 1545 1137 1616; x_wconf 76' lang='lat' dir='ltr'><strong>Sullanis,</strong></span> 
     </span>
     <span class='ocr_line' id='line_1_16' title="bbox 228 1621 1140 1700; baseline 0.002 -20"><span class='ocrx_word' id='word_1_116' title='bbox 228 1624 280 1680; x_wconf 88' lang='lat' dir='ltr'><strong>alii</strong></span> <span class='ocrx_word' id='word_1_117' title='bbox 294 1624 434 1681; x_wconf 83' lang='lat' dir='ltr'><strong>Cinnanis</strong></span> <span class='ocrx_word' id='word_1_118' title='bbox 450 1621 580 1681; x_wconf 88' lang='lat' dir='ltr'><strong>faverent</strong></span> <span class='ocrx_word' id='word_1_119' title='bbox 601 1624 747 1700; x_wconf 88' lang='lat' dir='ltr'><strong>partibus:</strong></span> <span class='ocrx_word' id='word_1_120' title='bbox 769 1623 903 1680; x_wconf 87' lang='lat' dir='ltr'><strong>idoneum</strong></span> <span class='ocrx_word' id='word_1_121' title='bbox 928 1633 1042 1699; x_wconf 89' lang='lat' dir='ltr'><strong>tempus</strong></span> <span class='ocrx_word' id='word_1_122' title='bbox 1057 1635 1140 1682; x_wconf 87' lang='lat' dir='ltr'><strong>ratus</strong></span> 
     </span>
     <span class='ocr_line' id='line_1_17' title="bbox 228 1701 1138 1777; baseline 0.002 -19"><span class='ocrx_word' id='word_1_123' title='bbox 228 1702 330 1758; x_wconf 89' lang='lat' dir='ltr'><strong>studiis</strong></span> <span class='ocrx_word' id='word_1_124' title='bbox 344 1702 519 1777; x_wconf 89' lang='lat' dir='ltr'><strong>obsequendi</strong></span> <span class='ocrx_word' id='word_1_125' title='bbox 534 1703 603 1769; x_wconf 88' lang='lat' dir='ltr'><strong>suis,</strong></span> <span class='ocrx_word' id='word_1_126' title='bbox 616 1701 749 1758; x_wconf 86' lang='lat' dir='ltr'><strong>Athenas</strong></span> <span class='ocrx_word' id='word_1_127' title='bbox 763 1719 794 1757; x_wconf 90' lang='lat' dir='ltr'><strong>se</strong></span> <span class='ocrx_word' id='word_1_128' title='bbox 808 1701 939 1758; x_wconf 88' lang='lat' dir='ltr'><strong>contulit.</strong></span> <span class='ocrx_word' id='word_1_129' title='bbox 980 1701 1086 1777; x_wconf 89' lang='lat' dir='ltr'><strong>Neque</strong></span> <span class='ocrx_word' id='word_1_130' title='bbox 1102 1723 1138 1760; x_wconf 90' lang='lat' dir='ltr'><strong>eo</strong></span> 
     </span>
     <span class='ocr_line' id='line_1_18' title="bbox 228 1779 1139 1856; baseline 0.001 -19"><span class='ocrx_word' id='word_1_131' title='bbox 228 1781 326 1838; x_wconf 89' lang='lat' dir='ltr'><strong>secius</strong></span> <span class='ocrx_word' id='word_1_132' title='bbox 348 1781 559 1837; x_wconf 86' lang='lat' dir='ltr'><strong>adolescentem</strong></span> <span class='ocrx_word' id='word_1_133' title='bbox 582 1779 716 1849; x_wconf 87' lang='lat' dir='ltr'><strong>Marium,</strong></span> <span class='ocrx_word' id='word_1_134' title='bbox 738 1780 848 1836; x_wconf 82' lang='lat' dir='ltr'><strong>hostem</strong></span> <span class='ocrx_word' id='word_1_135' title='bbox 869 1779 1042 1854; x_wconf 85' lang='lat' dir='ltr'><strong>judicatum,</strong></span> <span class='ocrx_word' id='word_1_136' title='bbox 1060 1781 1139 1856; x_wconf 81' lang='lat' dir='ltr'><strong>juvit</strong></span> 
     </span>
    </p>

    <p class='ocr_par' dir='ltr' id='par_1_7' title="bbox 188 1857 1138 2164">
     <span class='ocr_line' id='line_1_19' title="bbox 188 1857 1138 1935; baseline 0.004 -22"><span class='ocrx_word' id='word_1_137' title='bbox 188 1859 206 1912; x_wconf 82' lang='lat'><strong>3</strong></span> <span class='ocrx_word' id='word_1_138' title='bbox 227 1859 329 1934; x_wconf 89' lang='lat' dir='ltr'><strong>opibus</strong></span> <span class='ocrx_word' id='word_1_139' title='bbox 343 1860 423 1929; x_wconf 88' lang='lat' dir='ltr'><strong>suis;</strong></span> <span class='ocrx_word' id='word_1_140' title='bbox 446 1859 531 1935; x_wconf 90' lang='lat' dir='ltr'><strong>cujus</strong></span> <span class='ocrx_word' id='word_1_141' title='bbox 552 1857 653 1935; x_wconf 85' lang='lat' dir='ltr'><strong>fugam</strong></span> <span class='ocrx_word' id='word_1_142' title='bbox 674 1859 798 1934; x_wconf 90' lang='lat' dir='ltr'><strong>pecunia</strong></span> <span class='ocrx_word' id='word_1_143' title='bbox 811 1858 984 1916; x_wconf 87' lang='lat' dir='ltr'><strong>sublevavit.</strong></span> <span class='ocrx_word' id='word_1_144' title='bbox 1026 1860 1084 1928; x_wconf 89' lang='lat' dir='ltr'><strong>Ac,</strong></span> <span class='ocrx_word' id='word_1_145' title='bbox 1100 1879 1138 1918; x_wconf 90' lang='lat' dir='ltr'><strong>na</strong></span> 
     </span>
     <span class='ocr_line' id='line_1_20' title="bbox 226 1935 1137 2013; baseline 0.002 -19"><span class='ocrx_word' id='word_1_146' title='bbox 226 1938 277 1994; x_wconf 91' lang='lat' dir='ltr'><strong>illa</strong></span> <span class='ocrx_word' id='word_1_147' title='bbox 291 1937 483 2013; x_wconf 82' lang='lat' dir='ltr'><strong>peregrinatio</strong></span> <span class='ocrx_word' id='word_1_148' title='bbox 497 1935 700 1994; x_wconf 90' lang='lat' dir='ltr'><strong>detrimentum</strong></span> <span class='ocrx_word' id='word_1_149' title='bbox 715 1937 829 2012; x_wconf 91' lang='lat' dir='ltr'><strong>aliquod</strong></span> <span class='ocrx_word' id='word_1_150' title='bbox 844 1937 960 1994; x_wconf 85' lang='lat' dir='ltr'><strong>afferret</strong></span> <span class='ocrx_word' id='word_1_151' title='bbox 974 1938 1016 1994; x_wconf 90' lang='lat' dir='ltr'><strong>rei</strong></span> <span class='ocrx_word' id='word_1_152' title='bbox 1031 1937 1137 1996; x_wconf 87' lang='lat' dir='ltr'><strong>famili-</strong></span> 
     </span>
     <span class='ocr_line' id='line_1_21' title="bbox 228 2015 1136 2093; baseline 0.002 -21"><span class='ocrx_word' id='word_1_153' title='bbox 228 2015 280 2084; x_wconf 87' lang='lat' dir='ltr'><strong>ari,</strong></span> <span class='ocrx_word' id='word_1_154' title='bbox 293 2016 391 2072; x_wconf 90' lang='lat' dir='ltr'><strong>eodem</strong></span> <span class='ocrx_word' id='word_1_155' title='bbox 407 2033 543 2093; x_wconf 84' lang='lat' dir='ltr'><strong>magnam</strong></span> <span class='ocrx_word' id='word_1_156' title='bbox 558 2026 668 2091; x_wconf 88' lang='lat' dir='ltr'><strong>partem</strong></span> <span class='ocrx_word' id='word_1_157' title='bbox 684 2015 862 2073; x_wconf 86' lang='lat' dir='ltr'><strong>fortunarum</strong></span> <span class='ocrx_word' id='word_1_158' title='bbox 873 2015 986 2090; x_wconf 89' lang='lat' dir='ltr'><strong>trajecit</strong></span> <span class='ocrx_word' id='word_1_159' title='bbox 1002 2035 1136 2074; x_wconf 86' lang='lat' dir='ltr'><strong>suarum.</strong></span> 
     </span>
     <span class='ocr_line' id='line_1_22' title="bbox 227 2093 1138 2164; baseline 0.003 -14"><span class='ocrx_word' id='word_1_160' title='bbox 227 2093 287 2150; x_wconf 92' lang='lat' dir='ltr'><strong>Hic</strong></span> <span class='ocrx_word' id='word_1_161' title='bbox 311 2094 351 2150; x_wconf 90' lang='lat' dir='ltr'><strong>ita</strong></span> <span class='ocrx_word' id='word_1_162' title='bbox 366 2095 446 2164; x_wconf 84' lang='lat' dir='ltr'><strong>vixit,</strong></span> <span class='ocrx_word' id='word_1_163' title='bbox 468 2105 500 2150; x_wconf 90' lang='lat' dir='ltr'><strong>ut</strong></span> <span class='ocrx_word' id='word_1_164' title='bbox 521 2095 663 2152; x_wconf 88' lang='lat' dir='ltr'><strong>universis</strong></span> <span class='ocrx_word' id='word_1_165' title='bbox 687 2093 913 2152; x_wconf 86' lang='lat' dir='ltr'><strong>Atheniensibus</strong></span> <span class='ocrx_word' id='word_1_166' title='bbox 935 2095 1036 2152; x_wconf 91' lang='lat' dir='ltr'><strong>merito</strong></span> <span class='ocrx_word' id='word_1_167' title='bbox 1061 2106 1138 2153; x_wconf 89' lang='lat' dir='ltr'><strong>esset</strong></span> 
     </span>
    </p>

    <p class='ocr_par' dir='ltr' id='par_1_8' title="bbox 188 2172 1137 2642">
     <span class='ocr_line' id='line_1_23' title="bbox 188 2172 1136 2250; baseline 0.006 -25"><span class='ocrx_word' id='word_1_168' title='bbox 188 2173 207 2225; x_wconf 89' lang='grc'>4</span> <span class='ocrx_word' id='word_1_169' title='bbox 228 2173 405 2230; x_wconf 89' lang='lat' dir='ltr'><strong>carissimus.</strong></span> <span class='ocrx_word' id='word_1_170' title='bbox 448 2172 478 2230; x_wconf 95' lang='lat' dir='ltr'>N</span> <span class='ocrx_word' id='word_1_171' title='bbox 481 2192 527 2229; x_wconf 87' lang='lat' dir='ltr'><strong>arn</strong></span> <span class='ocrx_word' id='word_1_172' title='bbox 551 2182 654 2248; x_wconf 85' lang='lat' dir='ltr'><strong>praeter</strong></span> <span class='ocrx_word' id='word_1_173' title='bbox 668 2173 803 2250; x_wconf 87' lang='lat' dir='ltr'><strong>gratiam,</strong></span> <span class='ocrx_word' id='word_1_174' title='bbox 819 2191 883 2247; x_wconf 82' lang='lat' dir='ltr'><strong>quae</strong></span> <span class='ocrx_word' id='word_1_175' title='bbox 905 2173 966 2247; x_wconf 89' lang='lat' dir='ltr'><strong>jam</strong></span> <span class='ocrx_word' id='word_1_176' title='bbox 981 2173 1011 2229; x_wconf 91' lang='lat' dir='ltr'><strong>in</strong></span> <span class='ocrx_word' id='word_1_177' title='bbox 1025 2172 1136 2231; x_wconf 87' lang='lat' dir='ltr'><strong>adoles·</strong></span> 
     </span>
     <span class='ocr_line' id='line_1_24' title="bbox 227 2249 1137 2327; baseline 0.001 -19"><span class='ocrx_word' id='word_1_178' title='bbox 227 2250 344 2308; x_wconf 91' lang='lat' dir='ltr'><strong>centulo</strong></span> <span class='ocrx_word' id='word_1_179' title='bbox 366 2269 473 2327; x_wconf 87' lang='lat' dir='ltr'><strong>magna</strong></span> <span class='ocrx_word' id='word_1_180' title='bbox 495 2263 566 2320; x_wconf 86' lang='lat' dir='ltr'><strong>erat,</strong></span> <span class='ocrx_word' id='word_1_181' title='bbox 581 2271 656 2326; x_wconf 88' lang='lat' dir='ltr'><strong>saepe</strong></span> <span class='ocrx_word' id='word_1_182' title='bbox 679 2253 740 2308; x_wconf 89' lang='lat' dir='ltr'><strong>suis</strong></span> <span class='ocrx_word' id='word_1_183' title='bbox 764 2251 871 2327; x_wconf 90' lang='lat' dir='ltr'><strong>opibus</strong></span> <span class='ocrx_word' id='word_1_184' title='bbox 885 2249 1012 2327; x_wconf 84' lang='lat' dir='ltr'><strong>inopiam</strong></span> <span class='ocrx_word' id='word_1_185' title='bbox 1034 2271 1137 2309; x_wconf 88' lang='lat' dir='ltr'><strong>eorum</strong></span> 
     </span>
     <span class='ocr_line' id='line_1_25' title="bbox 226 2327 1137 2405; baseline 0.003 -19"><span class='ocrx_word' id='word_1_186' title='bbox 226 2329 373 2404; x_wconf 90' lang='lat' dir='ltr'><strong>publicam</strong></span> <span class='ocrx_word' id='word_1_187' title='bbox 386 2329 503 2387; x_wconf 89' lang='lat' dir='ltr'><strong>levavit.</strong></span> <span class='ocrx_word' id='word_1_188' title='bbox 530 2331 631 2396; x_wconf 84' lang='lat' dir='ltr'><strong>Quum</strong></span> <span class='ocrx_word' id='word_1_189' title='bbox 646 2331 725 2386; x_wconf 88' lang='lat' dir='ltr'><strong>enim</strong></span> <span class='ocrx_word' id='word_1_190' title='bbox 740 2348 891 2386; x_wconf 88' lang='lat' dir='ltr'><strong>versuram</strong></span> <span class='ocrx_word' id='word_1_191' title='bbox 907 2327 1004 2386; x_wconf 81' lang='lat' dir='ltr'><strong>lacere</strong></span> <span class='ocrx_word' id='word_1_192' title='bbox 1019 2330 1137 2405; x_wconf 88' lang='lat' dir='ltr'><strong>publice</strong></span> 
     </span>
     <span class='ocr_line' id='line_1_26' title="bbox 226 2404 1134 2483; baseline 0.004 -20"><span class='ocrx_word' id='word_1_193' title='bbox 226 2426 344 2465; x_wconf 88' lang='lat' dir='ltr'><strong>necesse</strong></span> <span class='ocrx_word' id='word_1_194' title='bbox 359 2418 444 2478; x_wconf 89' lang='lat' dir='ltr'><strong>esset,</strong></span> <span class='ocrx_word' id='word_1_195' title='bbox 460 2427 552 2483; x_wconf 90' lang='lat' dir='ltr'><strong>neque</strong></span> <span class='ocrx_word' id='word_1_196' title='bbox 565 2408 627 2483; x_wconf 86' lang='lat' dir='ltr'><strong>ejus</strong></span> <span class='ocrx_word' id='word_1_197' title='bbox 642 2404 832 2465; x_wconf 89' lang='lat' dir='ltr'><strong>conditionem</strong></span> <span class='ocrx_word' id='word_1_198' title='bbox 844 2426 958 2482; x_wconf 80' lang='lat' dir='ltr'><strong>taquam</strong></span> <span class='ocrx_word' id='word_1_199' title='bbox 973 2409 1134 2482; x_wconf 83' lang='lat' dir='ltr'><strong>haberent3</strong></span> 
     </span>
     <span class='ocr_line' id='line_1_27' title="bbox 226 2485 1135 2563; baseline 0.004 -20"><span class='ocrx_word' id='word_1_200' title='bbox 226 2506 340 2562; x_wconf 86' lang='lat' dir='ltr'><strong>semper</strong></span> <span class='ocrx_word' id='word_1_201' title='bbox 354 2489 385 2543; x_wconf 78' lang='lat' dir='ltr'><strong>se</strong></span> <span class='ocrx_word' id='word_1_202' title='bbox 399 2485 577 2563; x_wconf 85' lang='lat' dir='ltr'><strong>interposuit,</strong></span> <span class='ocrx_word' id='word_1_203' title='bbox 593 2497 679 2562; x_wconf 85' lang='lat' dir='ltr'><strong>atque</strong></span> <span class='ocrx_word' id='word_1_204' title='bbox 695 2488 744 2556; x_wconf 85' lang='lat' dir='ltr'><strong>ita,</strong></span> <span class='ocrx_word' id='word_1_205' title='bbox 761 2497 792 2543; x_wconf 92' lang='lat' dir='ltr'><strong>ut</strong></span> <span class='ocrx_word' id='word_1_206' title='bbox 812 2505 906 2562; x_wconf 89' lang='lat' dir='ltr'><strong>neque</strong></span> <span class='ocrx_word' id='word_1_207' title='bbox 929 2505 1048 2544; x_wconf 89' lang='lat' dir='ltr'><strong>usuram</strong></span> <span class='ocrx_word' id='word_1_208' title='bbox 1072 2507 1135 2546; x_wconf 91' lang='lat' dir='ltr'><strong>um·</strong></span> 
     </span>
     <span class='ocr_line' id='line_1_28' title="bbox 226 2565 1135 2642; baseline 0.001 -19"><span class='ocrx_word' id='word_1_209' title='bbox 226 2585 313 2642; x_wconf 88' lang='lat' dir='ltr'><strong>quam</strong></span> <span class='ocrx_word' id='word_1_210' title='bbox 329 2567 366 2622; x_wconf 89' lang='lat' dir='ltr'><strong>ab</strong></span> <span class='ocrx_word' id='word_1_211' title='bbox 390 2565 425 2622; x_wconf 91' lang='lat' dir='ltr'><strong>iis</strong></span> <span class='ocrx_word' id='word_1_212' title='bbox 440 2567 593 2641; x_wconf 84' lang='lat' dir='ltr'><strong>acceperit,</strong></span> <span class='ocrx_word' id='word_1_213' title='bbox 608 2584 702 2640; x_wconf 90' lang='lat' dir='ltr'><strong>neque</strong></span> <span class='ocrx_word' id='word_1_214' title='bbox 725 2565 848 2640; x_wconf 88' lang='lat' dir='ltr'><strong>longius,</strong></span> <span class='ocrx_word' id='word_1_215' title='bbox 864 2583 951 2640; x_wconf 90' lang='lat' dir='ltr'><strong>quam</strong></span> <span class='ocrx_word' id='word_1_216' title='bbox 967 2565 1076 2622; x_wconf 90' lang='lat' dir='ltr'><strong>dictum</strong></span> <span class='ocrx_word' id='word_1_217' title='bbox 1091 2587 1135 2624; x_wconf 89' lang='lat' dir='ltr'><strong>es-</strong></span> 
     </span>
    </p>

    <p class='ocr_par' dir='ltr' id='par_1_9' title="bbox 186 2641 1195 2876">
     <span class='ocr_line' id='line_1_29' title="bbox 186 2641 1136 2720; baseline 0.002 -20"><span class='ocrx_word' id='word_1_218' title='bbox 186 2641 277 2713; x_wconf 84' lang='lat' dir='ltr'><strong>5set,</strong></span> <span class='ocrx_word' id='word_1_219' title='bbox 294 2645 370 2720; x_wconf 90' lang='lat' dir='ltr'><strong>[eos]</strong></span> <span class='ocrx_word' id='word_1_220' title='bbox 394 2642 499 2701; x_wconf 90' lang='lat' dir='ltr'><strong>debere</strong></span> <span class='ocrx_word' id='word_1_221' title='bbox 522 2663 623 2720; x_wconf 89' lang='lat' dir='ltr'><strong>passus</strong></span> <span class='ocrx_word' id='word_1_222' title='bbox 644 2645 690 2700; x_wconf 90' lang='lat' dir='ltr'><strong>sit.</strong></span> <span class='ocrx_word' id='word_1_223' title='bbox 733 2643 818 2708; x_wconf 83' lang='lat' dir='ltr'><strong>Quod</strong></span> <span class='ocrx_word' id='word_1_224' title='bbox 842 2655 996 2720; x_wconf 88' lang='lat' dir='ltr'><strong>utrumque</strong></span> <span class='ocrx_word' id='word_1_225' title='bbox 1011 2655 1074 2701; x_wconf 88' lang='lat' dir='ltr'><strong>erat</strong></span> <span class='ocrx_word' id='word_1_226' title='bbox 1098 2647 1136 2702; x_wconf 90' lang='lat' dir='ltr'><strong>iis</strong></span> 
     </span>
     <span class='ocr_line' id='line_1_30' title="bbox 225 2722 1136 2798; baseline 0.001 -19"><span class='ocrx_word' id='word_1_227' title='bbox 225 2723 363 2780; x_wconf 83' lang='lat' dir='ltr'><strong>salutare.</strong></span> <span class='ocrx_word' id='word_1_228' title='bbox 406 2723 484 2779; x_wconf 90' lang='lat' dir='ltr'><strong>Nam</strong></span> <span class='ocrx_word' id='word_1_229' title='bbox 500 2741 592 2798; x_wconf 89' lang='lat' dir='ltr'><strong>neque</strong></span> <span class='ocrx_word' id='word_1_230' title='bbox 613 2722 788 2798; x_wconf 85' lang='lat' dir='ltr'><strong>indulgendo</strong></span> <span class='ocrx_word' id='word_1_231' title='bbox 807 2723 1018 2780; x_wconf 88' lang='lat' dir='ltr'><strong>inveterascere</strong></span> <span class='ocrx_word' id='word_1_232' title='bbox 1032 2742 1136 2780; x_wconf 88' lang='lat' dir='ltr'><strong>eorum</strong></span> 
     </span>
     <span class='ocr_line' id='line_1_31' title="bbox 226 2801 1195 2876; baseline 0.002 -18"><span class='ocrx_word' id='word_1_233' title='bbox 226 2819 265 2858; x_wconf 85' lang='lat' dir='ltr'><strong>aes</strong></span> <span class='ocrx_word' id='word_1_234' title='bbox 280 2801 406 2857; x_wconf 89' lang='lat' dir='ltr'><strong>alienum</strong></span> <span class='ocrx_word' id='word_1_235' title='bbox 420 2802 588 2876; x_wconf 88' lang='lat' dir='ltr'><strong>patiebatur,</strong></span> <span class='ocrx_word' id='word_1_236' title='bbox 598 2819 691 2875; x_wconf 88' lang='lat' dir='ltr'><strong>neque</strong></span> <span class='ocrx_word' id='word_1_237' title='bbox 707 2801 933 2876; x_wconf 87' lang='lat' dir='ltr'><strong>multiplicandis</strong></span> <span class='ocrx_word' id='word_1_238' title='bbox 947 2803 1043 2876; x_wconf 78' lang='lat' dir='ltr'><strong>usuris</strong></span> <span class='ocrx_word' id='word_1_239' title='bbox 1057 2821 1134 2876; x_wconf 65' lang='lat' dir='ltr'><strong>cres</strong></span> <span class='ocrx_word' id='word_1_240' title='bbox 1190 2805 1195 2814; x_wconf 52' lang='lat'>⁸</span> 
     </span>
    </p>

    <p class='ocr_par' dir='ltr' id='par_1_10' title="bbox 185 2877 1134 3190">
     <span class='ocr_line' id='line_1_32' title="bbox 185 2877 1134 2955; baseline 0.008 -25"><span class='ocrx_word' id='word_1_241' title='bbox 185 2877 204 2930; x_wconf 84' lang='lat'><strong>6</strong></span> <span class='ocrx_word' id='word_1_242' title='bbox 225 2897 302 2936; x_wconf 90' lang='lat' dir='ltr'><strong>cere.</strong></span> <span class='ocrx_word' id='word_1_243' title='bbox 335 2880 427 2935; x_wconf 86' lang='lat' dir='ltr'><strong>Auxit</strong></span> <span class='ocrx_word' id='word_1_244' title='bbox 439 2881 493 2936; x_wconf 90' lang='lat' dir='ltr'><strong>hoc</strong></span> <span class='ocrx_word' id='word_1_245' title='bbox 507 2879 635 2938; x_wconf 89' lang='lat' dir='ltr'><strong>officium</strong></span> <span class='ocrx_word' id='word_1_246' title='bbox 650 2880 707 2936; x_wconf 88' lang='lat' dir='ltr'><strong>alia</strong></span> <span class='ocrx_word' id='word_1_247' title='bbox 721 2899 834 2955; x_wconf 90' lang='lat' dir='ltr'><strong>quoque</strong></span> <span class='ocrx_word' id='word_1_248' title='bbox 849 2880 1042 2936; x_wconf 54' lang='lat' dir='ltr'><strong>liberalitates</strong></span> <span class='ocrx_word' id='word_1_249' title='bbox 1054 2880 1085 2938; x_wconf 95' lang='lat' dir='ltr'>N</span> <span class='ocrx_word' id='word_1_250' title='bbox 1087 2901 1134 2938; x_wconf 89' lang='lat' dir='ltr'><strong>am</strong></span> 
     </span>
     <span class='ocr_line' id='line_1_33' title="bbox 226 2956 1134 3034; baseline 0.003 -21"><span class='ocrx_word' id='word_1_251' title='bbox 226 2959 375 3017; x_wconf 88' lang='lat' dir='ltr'><strong>universos</strong></span> <span class='ocrx_word' id='word_1_252' title='bbox 391 2956 533 3014; x_wconf 91' lang='lat' dir='ltr'><strong>frumento</strong></span> <span class='ocrx_word' id='word_1_253' title='bbox 548 2958 671 3027; x_wconf 89' lang='lat' dir='ltr'><strong>donavit,</strong></span> <span class='ocrx_word' id='word_1_254' title='bbox 687 2959 727 3016; x_wconf 87' lang='lat' dir='ltr'><strong>ita</strong></span> <span class='ocrx_word' id='word_1_255' title='bbox 742 2967 773 3014; x_wconf 92' lang='lat' dir='ltr'><strong>ut</strong></span> <span class='ocrx_word' id='word_1_256' title='bbox 787 2957 909 3034; x_wconf 85' lang='lat' dir='ltr'><strong>singulis</strong></span> <span class='ocrx_word' id='word_1_257' title='bbox 924 2970 1032 3033; x_wconf 89' lang='lat' dir='ltr'><strong>septem</strong></span> <span class='ocrx_word' id='word_1_258' title='bbox 1048 2960 1134 3016; x_wconf 91' lang='lat' dir='ltr'><strong>modii</strong></span> 
     </span>
     <span class='ocr_line' id='line_1_34' title="bbox 226 3033 1134 3111; baseline 0.003 -19"><span class='ocrx_word' id='word_1_259' title='bbox 226 3037 314 3093; x_wconf 88' lang='lat' dir='ltr'><strong>tritici</strong></span> <span class='ocrx_word' id='word_1_260' title='bbox 328 3035 482 3095; x_wconf 88' lang='lat' dir='ltr'><strong>darentur:</strong></span> <span class='ocrx_word' id='word_1_261' title='bbox 504 3037 554 3111; x_wconf 90' lang='lat' dir='ltr'><strong>qui</strong></span> <span class='ocrx_word' id='word_1_262' title='bbox 566 3037 666 3094; x_wconf 87' lang='lat' dir='ltr'><strong>modus</strong></span> <span class='ocrx_word' id='word_1_263' title='bbox 680 3055 824 3094; x_wconf 85' lang='lat' dir='ltr'><strong>mensurae</strong></span> <span class='ocrx_word' id='word_1_264' title='bbox 839 3033 1000 3095; x_wconf 87' lang='lat' dir='ltr'><strong>medimnus</strong></span> <span class='ocrx_word' id='word_1_265' title='bbox 1010 3037 1134 3095; x_wconf 90' lang='lat' dir='ltr'><strong>Athenis</strong></span> 
     </span>
     <span class='ocr_line' id='line_1_35' title="bbox 227 3110 432 3190; baseline -0.005 -20"><span class='ocrx_word' id='word_1_266' title='bbox 227 3115 399 3190; x_wconf 87' lang='lat' dir='ltr'><strong>appellatur.</strong></span> <span class='ocrx_word' id='word_1_267' title='bbox 430 3110 432 3114; x_wconf 69' lang='grc'><strong>’</strong></span> 
     </span>
    </p>

    <p class='ocr_par' dir='ltr' id='par_1_11' title="bbox 187 3192 1133 3582">
     <span class='ocr_line' id='line_1_36' title="bbox 187 3192 1132 3269; baseline 0.002 -19"><span class='ocrx_word' id='word_1_268' title='bbox 187 3198 202 3250; x_wconf 93' lang='grc'>1</span> <span class='ocrx_word' id='word_1_269' title='bbox 265 3192 317 3250; x_wconf 91' lang='grc' dir='ltr'><strong>ΙΙΙ.</strong></span> <span class='ocrx_word' id='word_1_270' title='bbox 340 3192 398 3250; x_wconf 93' lang='lat' dir='ltr'><strong>Hic</strong></span> <span class='ocrx_word' id='word_1_271' title='bbox 419 3205 516 3251; x_wconf 86' lang='lat' dir='ltr'><strong>autem</strong></span> <span class='ocrx_word' id='word_1_272' title='bbox 531 3195 573 3252; x_wconf 86' lang='lat' dir='ltr'><strong>sic</strong></span> <span class='ocrx_word' id='word_1_273' title='bbox 588 3213 619 3250; x_wconf 88' lang='lat' dir='ltr'><strong>se</strong></span> <span class='ocrx_word' id='word_1_274' title='bbox 633 3193 761 3269; x_wconf 85' lang='lat' dir='ltr'><strong>gerebat,</strong></span> <span class='ocrx_word' id='word_1_275' title='bbox 777 3205 809 3250; x_wconf 92' lang='lat' dir='ltr'><strong>ut</strong></span> <span class='ocrx_word' id='word_1_276' title='bbox 832 3193 994 3268; x_wconf 82' lang='lat' dir='ltr'><strong>communis</strong></span> <span class='ocrx_word' id='word_1_277' title='bbox 1016 3194 1132 3265; x_wconf 69' lang='lat' dir='ltr'><strong>infimis</strong></span> 
     </span>
     <span class='ocr_line' id='line_1_37' title="bbox 224 3271 1133 3346; baseline 0.007 -21"><span class='ocrx_word' id='word_1_278' title='bbox 224 3289 277 3344; x_wconf 88' lang='lat' dir='ltr'><strong>par</strong></span> <span class='ocrx_word' id='word_1_279' title='bbox 304 3271 481 3346; x_wconf 87' lang='lat' dir='ltr'><strong>principibus</strong></span> <span class='ocrx_word' id='word_1_280' title='bbox 505 3273 661 3330; x_wconf 90' lang='lat' dir='ltr'><strong>videretur.</strong></span> <span class='ocrx_word' id='word_1_281' title='bbox 709 3273 776 3338; x_wconf 83' lang='lat' dir='ltr'><strong>Quo</strong></span> <span class='ocrx_word' id='word_1_282' title='bbox 798 3271 983 3341; x_wconf 87' lang='lat' dir='ltr'><strong>factumest,</strong></span> <span class='ocrx_word' id='word_1_283' title='bbox 1008 3283 1039 3330; x_wconf 91' lang='lat' dir='ltr'><strong>ut</strong></span> <span class='ocrx_word' id='word_1_284' title='bbox 1063 3273 1133 3332; x_wconf 89' lang='lat' dir='ltr'><strong>huic</strong></span> 
     </span>
     <span class='ocr_line' id='line_1_38' title="bbox 224 3348 1133 3428; baseline 0.008 -25"><span class='ocrx_word' id='word_1_285' title='bbox 224 3358 322 3404; x_wconf 87' lang='lat' dir='ltr'><strong>omues</strong></span> <span class='ocrx_word' id='word_1_286' title='bbox 338 3348 466 3420; x_wconf 88' lang='lat' dir='ltr'><strong>honores,</strong></span> <span class='ocrx_word' id='word_1_287' title='bbox 476 3370 547 3425; x_wconf 89' lang='lat' dir='ltr'><strong>quos</strong></span> <span class='ocrx_word' id='word_1_288' title='bbox 562 3363 684 3428; x_wconf 87' lang='lat' dir='ltr'><strong>possent,</strong></span> <span class='ocrx_word' id='word_1_289' title='bbox 695 3352 808 3426; x_wconf 92' lang='lat' dir='ltr'><strong>publice</strong></span> <span class='ocrx_word' id='word_1_290' title='bbox 823 3348 970 3419; x_wconf 77' lang='lat' dir='ltr'><strong>haberent,</strong></span> <span class='ocrx_word' id='word_1_291' title='bbox 980 3351 1133 3426; x_wconf 86' lang='lat' dir='ltr'><strong>civemque</strong></span> 
     </span>
     <span class='ocr_line' id='line_1_39' title="bbox 225 3425 1133 3509; baseline 0.006 -27"><span class='ocrx_word' id='word_1_292' title='bbox 225 3425 323 3484; x_wconf 82' lang='lat' dir='ltr'><strong>iacere</strong></span> <span class='ocrx_word' id='word_1_293' title='bbox 341 3427 504 3486; x_wconf 86' lang='lat' dir='ltr'><strong>studerent:</strong></span> <span class='ocrx_word' id='word_1_294' title='bbox 526 3448 584 3504; x_wconf 94' lang='lat' dir='ltr'><strong>quo</strong></span> <span class='ocrx_word' id='word_1_295' title='bbox 599 3431 738 3487; x_wconf 89' lang='lat' dir='ltr'><strong>beneficio</strong></span> <span class='ocrx_word' id='word_1_296' title='bbox 752 3430 802 3486; x_wconf 91' lang='lat' dir='ltr'><strong>ille</strong></span> <span class='ocrx_word' id='word_1_297' title='bbox 825 3431 865 3488; x_wconf 94' lang='lat' dir='ltr'><strong>uti</strong></span> <span class='ocrx_word' id='word_1_298' title='bbox 879 3430 981 3509; x_wconf 85' lang='lat' dir='ltr'><strong>noluit.</strong></span> <span class='ocrx_word' id='word_1_299' title='bbox 1033 3429 1133 3505; x_wconf 85' lang='lat' dir='ltr'><strong>[Quod</strong></span> 
     </span>
     <span class='ocr_line' id='line_1_40' title="bbox 224 3504 1133 3582; baseline 0.002 -20"><span class='ocrx_word' id='word_1_300' title='bbox 224 3504 355 3562; x_wconf 90' lang='lat' dir='ltr'><strong>nonnulli</strong></span> <span class='ocrx_word' id='word_1_301' title='bbox 379 3506 419 3562; x_wconf 90' lang='lat' dir='ltr'><strong>ita</strong></span> <span class='ocrx_word' id='word_1_302' title='bbox 443 3507 676 3582; x_wconf 89' lang='lat' dir='ltr'><strong>interpretantur,</strong></span> <span class='ocrx_word' id='word_1_303' title='bbox 693 3509 783 3566; x_wconf 89' lang='lat' dir='ltr'><strong>amitti</strong></span> <span class='ocrx_word' id='word_1_304' title='bbox 805 3509 950 3566; x_wconf 88' lang='lat' dir='ltr'><strong>civitatem</strong></span> <span class='ocrx_word' id='word_1_305' title='bbox 969 3507 1133 3582; x_wconf 85' lang='lat' dir='ltr'><strong>Romanam</strong></span> 
     </span>
    </p>

    <p class='ocr_par' dir='ltr' id='par_1_12' title="bbox 185 3583 1132 3824">
     <span class='ocr_line' id='line_1_41' title="bbox 185 3583 1131 3663; baseline 0.006 -25"><span class='ocrx_word' id='word_1_306' title='bbox 185 3587 204 3638; x_wconf 78' lang='lat'><strong>2</strong></span> <span class='ocrx_word' id='word_1_307' title='bbox 225 3583 283 3640; x_wconf 87' lang='lat' dir='ltr'><strong>alia</strong></span> <span class='ocrx_word' id='word_1_308' title='bbox 298 3583 434 3658; x_wconf 79' lang='lat' dir='ltr'><strong>adscita]</strong></span> <span class='ocrx_word' id='word_1_309' title='bbox 475 3584 625 3648; x_wconf 82' lang='lat' dir='ltr'><strong>Quamdiu</strong></span> <span class='ocrx_word' id='word_1_310' title='bbox 640 3585 730 3655; x_wconf 86' lang='lat' dir='ltr'><strong>affuit,</strong></span> <span class='ocrx_word' id='word_1_311' title='bbox 746 3606 782 3643; x_wconf 89' lang='lat' dir='ltr'><strong>ne</strong></span> <span class='ocrx_word' id='word_1_312' title='bbox 797 3606 855 3663; x_wconf 89' lang='lat' dir='ltr'><strong>qua</strong></span> <span class='ocrx_word' id='word_1_313' title='bbox 869 3587 923 3644; x_wconf 92' lang='lat' dir='ltr'><strong>sibi</strong></span> <span class='ocrx_word' id='word_1_314' title='bbox 937 3595 1033 3644; x_wconf 86' lang='lat' dir='ltr'><strong>statua</strong></span> <span class='ocrx_word' id='word_1_315' title='bbox 1048 3604 1131 3662; x_wconf 91' lang='lat' dir='ltr'><strong>pone·</strong></span> 
     </span>
     <span class='ocr_line' id='line_1_42' title="bbox 224 3661 1132 3741; baseline 0.009 -26"><span class='ocrx_word' id='word_1_316' title='bbox 224 3671 312 3730; x_wconf 88' lang='lat' dir='ltr'><strong>retur,</strong></span> <span class='ocrx_word' id='word_1_317' title='bbox 339 3661 459 3734; x_wconf 80' lang='lat' dir='ltr'><strong>restitit3</strong></span> <span class='ocrx_word' id='word_1_318' title='bbox 496 3662 600 3719; x_wconf 89' lang='lat' dir='ltr'><strong>absens</strong></span> <span class='ocrx_word' id='word_1_319' title='bbox 627 3664 777 3738; x_wconf 89' lang='lat' dir='ltr'><strong>prohibere</strong></span> <span class='ocrx_word' id='word_1_320' title='bbox 805 3683 861 3722; x_wconf 92' lang='lat' dir='ltr'><strong>non</strong></span> <span class='ocrx_word' id='word_1_321' title='bbox 889 3665 989 3740; x_wconf 90' lang='lat' dir='ltr'><strong>potuit.</strong></span> <span class='ocrx_word' id='word_1_322' title='bbox 1031 3665 1132 3741; x_wconf 86' lang='lat' dir='ltr'><strong>ltaque</strong></span> 
     </span>
     <span class='ocr_line' id='line_1_43' title="bbox 225 3738 1132 3824; baseline 0.009 -30"><span class='ocrx_word' id='word_1_323' title='bbox 225 3738 334 3824; x_wconf 78' lang='lat' dir='ltr'><strong>aliquot</strong></span> <span class='ocrx_word' id='word_1_324' title='bbox 348 3739 402 3812; x_wconf 88' lang='lat' dir='ltr'><strong>ipsi</strong></span> <span class='ocrx_word' id='word_1_325' title='bbox 412 3749 441 3797; x_wconf 90' lang='lat' dir='ltr'><strong>et</strong></span> <span class='ocrx_word' id='word_1_326' title='bbox 456 3738 564 3795; x_wconf 87' lang='lat' dir='ltr'><strong>Phidiae</strong></span> <span class='ocrx_word' id='word_1_327' title='bbox 578 3739 649 3796; x_wconf 90' lang='lat' dir='ltr'><strong>locis</strong></span> <span class='ocrx_word' id='word_1_328' title='bbox 660 3743 847 3800; x_wconf 87' lang='lat' dir='ltr'><strong>sanctissimis</strong></span> <span class='ocrx_word' id='word_1_329' title='bbox 856 3749 1031 3819; x_wconf 66' lang='lat' dir='ltr'><strong>posueruut}</strong></span> <span class='ocrx_word' id='word_1_330' title='bbox 1053 3741 1132 3802; x_wconf 86' lang='lat' dir='ltr'><strong>huuc</strong></span> 
     </span>
    </p>
   </div>
   <div class='ocr_carea' id='block_1_4' title="bbox 0 0 1360 4300">
    <p class='ocr_par' dir='ltr' id='par_1_13' title="bbox 0 0 1360 4300">
     <span class='ocr_line' id='line_1_44' title="bbox 0 0 1360 4300; baseline 0 4"><span class='ocrx_word' id='word_1_331' title='bbox 0 0 1360 4300; x_wconf 95' lang='lat' dir='ltr'><strong> </strong></span> 
     </span>
    </p>
   </div>
  </div>
 </body>
</html>
