2608 4300
211 299 253 360 88
423 297 528 361 XXII.
572 307 601 372 3,
617 305 645 360 4.
693 297 898 380 (Hamilcar.)

207 459 274 506 sunt
289 449 370 506 Poeni
386 451 536 525 perterriti,
553 462 584 507 ut
597 453 684 508 etiam
696 451 837 516 ,auxiliaa
853 451 990 509 Romanis
1004 452 1109 528 petive-

208 528 273 596 rint,
289 547 380 602 eaque
396 529 583 602 impetrarint.
623 529 679 585 Sed
695 540 830 594 extremo,
846 548 936 603 quum
951 550 1037 606 prope
1048 533 1109 608 jam

207 605 243 661 ad
260 606 485 680 desperationem
508 609 712 683 pervenissent,
735 606 932 665 Hamilcarem
958 612 1108 685 imperato·

167 685 187 738 4
207 702 268 740 rem
284 682 423 740 fecerunt.
460 683 488 741 Is
508 703 564 742 non
576 687 669 741 solum
683 686 776 742 hostes
791 705 807 741 a
822 688 913 743 muris
927 687 1110 764 Carthaginis

207 763 336 830 removit,
358 780 447 835 quum
469 763 593 838 amplius
614 777 728 820 centum
744 764 835 819 millia
858 763 934 821 facta
949 777 1044 822 essent
1064 785 1108 823 ar·

206 849 366 910 matorum3
389 840 437 896 sed
460 842 546 896 etiarn
560 860 594 898 eo
608 842 754 916 compulit,
770 851 809 910 ut,
825 841 955 900 locorum
969 846 1110 920 angustiis

206 917 308 986 clausi,
329 918 426 992 plures
442 917 527 987 fame,
542 938 629 993 quam
645 918 721 976 ferro
735 921 893 976 interirent.
937 921 1044 977 Omnia
1062 942 1108 997 op-

207 995 272 1072 pida
291 996 463 1064 abalienata,
479 998 507 1052 in
524 997 567 1054 his
592 997 703 1054 Uticam
719 1008 804 1071 atque
822 995 995 1072 Hipponem,
1011 1000 1108 1056 valen-

166 1073 315 1131 ctissime
339 1075 424 1131 totius
439 1074 559 1144 Africae,
576 1075 698 1132 restituit
719 1076 827 1150 patriae.
870 1076 975 1151 Neque
996 1097 1030 1134 eo
1056 1077 1110 1140 fuit

206 1163 364 1222 contentus,
380 1154 430 1209 sed
451 1155 536 1210 etiam
551 1153 623 1210 fines
637 1154 750 1230 imperii
765 1155 941 1229 propagavit,
956 1166 1014 1213 tota
1029 1155 1108 1212 Afri.

161 1233 165 1240 ⁴
205 1251 242 1289 ca
256 1241 366 1288 tantum
381 1233 469 1289 otium
487 1231 616 1301 reddidit,
633 1241 664 1288 ut
685 1233 798 1292 nullum
814 1233 844 1288 in
858 1252 894 1288 ea
910 1233 1016 1290 bellurn
1032 1233 1115 1291 vide·

206 1323 286 1366 retur
300 1311 397 1366 multis
412 1312 494 1366 annis
509 1309 607 1367 fuisse.

168 1388 183 1440 1
246 1387 296 1445 111.
320 1387 418 1444 Rebus
437 1389 481 1445 his
496 1405 530 1445 ex
542 1389 684 1446 sententia
699 1389 832 1463 peractis,
844 1388 942 1448 fidenti
958 1390 1053 1447 animo
1068 1401 1107 1447 at-

205 1485 262 1540 que
277 1465 378 1523 infesto
393 1465 538 1534 Romanis,
550 1485 606 1540 quo
622 1465 737 1524 facilius
751 1473 871 1523 causam
887 1467 1012 1524 bellandi
1028 1487 1107 1544 rope-

206 1546 284 1613 riret,
307 1544 410 1612 effecit,
427 1555 458 1601 ut
472 1545 625 1618 imperator
644 1563 712 1604 cum
732 1545 862 1602 exercitu
885 1546 914 1601 in
937 1545 1108 1621 Hispaniam

205 1622 373 1693 mitteretur,
389 1641 479 1696 eoque
494 1641 594 1679 secum
618 1622 699 1680 'duxit
723 1623 814 1678 filium
839 1622 1042 1694 Hannibalem,
1059 1644 1108 1682 an·

165 1701 184 1754 2
204 1717 306 1757 norum
322 1719 434 1758 novem.
477 1700 549 1758 Erat
563 1711 701 1775 praeterea
716 1719 784 1757 cum
798 1719 832 1757 eo
847 1701 1014 1759 adolescens
1028 1703 1108 1760 illus-

204 1778 264 1847 tris,
281 1777 428 1848 formosus,
449 1778 624 1847 Hasdrubal,
639 1798 724 1854 quem
742 1779 873 1835 nonnulli
887 1779 968 1856 diligi
983 1782 1107 1855 turpius,

203 1873 290 1929 quam
306 1867 441 1929 parerat,
457 1857 493 1914 ab
514 1856 683 1914 Hamilcare
705 1857 906 1931 loquebantur.
948 1857 1016 1914 Non
1030 1860 1108 1916 enim

203 1932 337 1989 maledici
360 1944 437 1992 tanto
452 1937 513 1991 viro
527 1935 626 1991 deesse
651 1945 790 2009 poterant.
832 1935 900 1999 Quo
923 1934 1108 2006 factumest,

203 2019 235 2066 ut
250 2029 266 2066 a
281 2010 416 2086 praelecto
430 2032 542 2069 morum
558 2013 723 2070 Hasdrubal
739 2031 806 2070 cum
821 2032 855 2070 eo
870 2025 1017 2071 vetaretur
1031 2034 1106 2072 esse.

202 2087 282 2146 Huic
295 2088 344 2145 ille
359 2089 448 2146 filiam
459 2110 541 2147 suam
558 2092 587 2146 in
603 2091 817 2148 matrimonium
832 2091 917 2161 dedit,
933 2093 1007 2167 quod
1023 2094 1107 2149 mori-

163 2167 182 2220 3
203 2165 257 2223 bus
271 2186 371 2223 eorum
386 2185 442 2224 non
457 2179 566 2243 poterat
588 2169 719 2226 interdici
734 2188 834 2226 socero
848 2189 949 2246 gener.
993 2170 1038 2226 De
1053 2172 1108 2228 hoc

202 2244 266 2301 ideo
280 2246 451 2302 mentionem
476 2246 607 2316 fecimus,
622 2248 706 2322 quod,
722 2247 892 2304 Hamilcare
913 2249 1033 2316 occisso,
1056 2249 1107 2306 ille

201 2323 344 2380 exercitui
369 2323 490 2399 praesuit,
517 2343 620 2400 resque
643 2345 764 2402 magnas
786 2327 874 2402 gessit
886 2346 895 2398 3
921 2337 949 2384 et
974 2327 1108 2401 princeps

202 2400 354 2477 largitione
379 2413 505 2460 vetustos
527 2405 662 2479 pervertit
687 2422 780 2460 mores
801 2403 1083 2479 Carthaginiensium
1095 2425 1104 2475 ;

201 2480 388 2556 ejusdemque
403 2492 465 2556 post
489 2491 608 2538 mortem
630 2481 776 2539 Hannibal
798 2483 835 2538 ab
849 2484 979 2540 exercitu
995 2483 1107 2557 accepit

202 2559 365 2633 imperium.
972 2566 975 2570 '
1141 2626 1146 2646 ὶ

164 2639 179 2691 1
241 2636 294 2693 lv.
318 2639 358 2696 At
382 2637 542 2706 Hamilcar,
558 2647 744 2713 posteaquam
765 2656 844 2694 mare
863 2639 976 2696 transiit
993 2639 1022 2693 in
1038 2637 1105 2694 His·

203 2716 374 2789 paniamque
400 2718 487 2784 venit,
503 2734 624 2791 magnas
648 2735 695 2772 res
719 2716 847 2772 secunda
868 2717 957 2792 gessit
973 2715 1104 2773 fortuna:

202 2793 343 2849 maximas
364 2793 654 2869 bellicosissimasque
678 2803 778 2870 gentes
801 2793 931 2868 subegit:
953 2794 1044 2868 equis,
1060 2813 1104 2850 ar-

162 2869 265 2938 2mis‚
291 2869 369 2938 viris,
396 2872 519 2944 pecunia
541 2881 628 2928 totam
652 2871 837 2947 locupletavit
858 2870 1003 2928 Africam.
1046 2863 1105 2928 Hic

201 2966 292 3021 quum
306 2947 336 3002 in
352 2948 465 3005 Italiam
487 2949 595 3005 bellum
608 2948 716 3006 inferre
731 2947 926 3017 meditaretur,
942 2968 1016 3006 nono
1031 2968 1106 3006 anno

202 3035 271 3100 post,
286 3045 374 3100 quam
399 3028 429 3082 in
454 3026 624 3101 Hispaniam
639 3038 766 3095 venerat,
792 3027 821 3082 in
846 3028 948 3102 proelio
972 3023 1106 3103 pugnans

162 3106 181 3158 3
203 3102 341 3160 adversus
356 3105 493 3161 Vettones
506 3105 621 3162 occisus
633 3114 685 3160 est.
709 3104 808 3180 Hujus
821 3117 992 3180 perpetuum
1006 3105 1105 3162 odium

202 3198 272 3256 erga
301 3181 444 3238 Romanos
472 3183 597 3240 maxime
622 3183 781 3240 concitasse
805 3183 918 3240 videtur
942 3183 1105 3240 secundum

201 3258 310 3314 bellum
325 3257 486 3314 Poenicum.
529 3261 665 3334 Namque
680 3259 836 3330 Hannibal,
852 3261 930 3318 filius
944 3262 1017 3337 ejus,
1034 3262 1104 3318 assi-

201 3335 266 3392 duis
280 3336 369 3410 patris
382 3335 614 3394 obtestationibus
628 3357 663 3394 eo
681 3349 724 3394 est
741 3337 906 3414 perductus,
923 3349 955 3398 ut
975 3339 1105 3409 interire,

200 3431 289 3488 quam
304 3411 447 3472 Romanos
461 3431 517 3470 non
532 3415 657 3491 experiri
672 3416 780 3473 mallet.
