2608 4300
410 339 483 422 XV.
527 364 555 433 7,
574 365 604 422 8.
651 358 930 444 (Epaminondas.)
1078 368 1119 426 63

216 509 349 580 admisso,
365 527 456 586 quum
478 513 571 588 patria
589 523 684 571 essent
705 514 828 591 expulsi,
849 523 978 591 receptos
1002 533 1065 573 esse
1086 514 1122 572 ab

187 633 190 636 .
218 588 456 647 Atheniensibus.
512 591 568 650 Sed
596 593 721 650 maxime
749 594 813 669 ejus
839 593 1004 668 eloquentia
1031 594 1161 651 eluxit4

216 665 336 742 Spartae,
351 669 440 745 legati
464 680 530 727 ente
554 688 681 746 pugnam
704 671 901 730 Leuctricam.
942 672 1010 738 Quo
1030 691 1121 748 quum

216 747 345 802 omnium
360 749 502 804 sociorum
516 751 715 807 convenissent
728 751 824 826 legati,
839 767 936 810 coram
952 749 1120 826 irequentis-

216 825 289 880 simo
303 824 478 901 legationum
492 837 635 884 conventu
655 829 698 886 sic
717 829 1003 887 Lacedaemoniorum
1022 840 1119 904 tyran-

216 902 314 959 nidem
328 906 467 981 coarguit,
489 914 521 962 nt
540 924 596 963 non
611 907 707 963 minus
727 908 919 965 illectatione
939 927 1006 984 opes
1020 925 1120 966 eorum

217 983 403 1051 concusserit,
423 1002 512 1058 quam
537 983 696 1043 Leuctrica
710 1004 816 1061 pugna.
859 985 936 1043 Tum
958 987 1035 1044 enim
1057 1003 1117 1062 per-

218 1057 294 1128 fecit,
309 1060 385 1136 quod
409 1072 471 1137 post
492 1064 634 1138 apperuit,
650 1073 682 1121 ut
706 1063 814 1121 auxilio
827 1065 969 1122 sociorum
982 1063 1118 1122 Laccda-

218 1139 305 1194 monii
319 1140 510 1214 privarentur.

257 1216 324 1274 VII.
347 1217 451 1276 Fuisse
471 1220 625 1294 patientem
646 1239 822 1296 suorumque
839 1221 961 1296 injurias
982 1219 1157 1278 ferentem'l

217 1295 335 1366 civium,
350 1297 426 1371 quod
447 1317 479 1354 se
501 1299 601 1375 patriae
622 1300 710 1356 irasci
731 1299 814 1357 nefas
834 1319 897 1358 esse
916 1299 1043 1369 duceret,
1059 1299 1121 1357 hee

217 1382 284 1430 sunt
307 1376 477 1432 testimonia.
530 1377 631 1442 Quum
655 1397 723 1434 eum
744 1388 859 1454 propter
880 1379 1018 1436 invidiam
1042 1378 1121 1434 cives

217 1453 364 1526 praeficere
388 1454 531 1513 exercitui
557 1456 723 1526 noluissent,
749 1457 866 1531 duxque
891 1466 966 1514 esset
993 1456 1122 1513 delectus

217 1530 286 1587 belli
300 1533 459 1608 imperitus,
474 1535 559 1608 cujus
572 1553 670 1592 errore
684 1553 718 1592 eo
732 1545 807 1592 esset
827 1535 952 1593 deducta
966 1553 1012 1592 res
1033 1531 1119 1611 [mili-

217 1603 302 1685 tum],
318 1621 350 1668 ut
369 1630 469 1668 omnes
484 1611 518 1670 de
533 1614 626 1670 salute
645 1615 888 1688 pertimescerent,
904 1614 978 1689 quod
993 1615 1120 1672 locorum

217 1690 359 1763 angustiis
383 1689 476 1746 clausi
501 1691 537 1748 ab
561 1692 689 1748 hostibus
712 1691 931 1750 obsidebantur:
962 1691 1117 1750 desiderari

217 1777 313 1841 coepta
332 1778 375 1824 est
396 1768 602 1844 Epaminondae
624 1769 782 1846 diligentia.
824 1769 897 1828 Erat
918 1772 994 1828 enim
1007 1772 1048 1850 vibi
1063 1773 1118 1847 pri-

217 1854 302 1901 vatus
326 1864 447 1904 numero
472 1847 579 1904 militis.
635 1849 662 1905 A
687 1869 744 1924 quo
765 1867 856 1924 quum
879 1860 1005 1925 peterent
1026 1869 1117 1926 opem,
1139 1856 1159 1908 2

216 1923 327 1979 nullam
350 1925 479 1983 adhibuit
503 1928 669 1984 memoriam
691 1927 923 1997 contumelliam
947 1929 1118 2000 exercitum,

216 2001 359 2059 obsidione
374 2003 536 2072 liberatum,
550 2005 665 2062 domurn
675 2006 788 2063 reduxit
799 2007 982 2076 incolumem.
1013 2007 1118 2084 Neque
1140 2012 1159 2064 3

217 2097 285 2136 vero
305 2080 359 2138 hoc
373 2081 462 2139 semel
485 2083 562 2150 fecit,
584 2085 634 2142 sed
655 2086 768 2160 saepius.
811 2085 938 2143 Maxime
953 2094 1051 2142 autem
1066 2086 1119 2144 suit

216 2157 336 2229 illustre,
353 2179 442 2234 quum
464 2162 493 2218 in
513 2162 739 2240 Peloponnesum
753 2164 913 2222 exercitum
928 2164 1056 2222 duxisset
1071 2165 1118 2222 ad-

217 2254 318 2294 versus
332 2237 575 2309 Lacedaemonios,
585 2242 760 2316 haberetque
770 2241 896 2318 collegas
907 2242 986 2310 duos,
996 2261 1120 2318 quorum

217 2315 290 2372 alter
310 2327 372 2374 erat
387 2317 543 2394 Pelopidas,
559 2320 603 2376 vir
618 2318 696 2376 fortis
711 2339 746 2376 ac
760 2330 905 2378 strenuus.
948 2320 1007 2377 Hic
1026 2340 1118 2397 quum

217 2395 386 2452 criminibus
407 2395 636 2454 adversariorum
651 2417 750 2456 omnes
770 2399 800 2455 in
814 2399 951 2456 invidiam
966 2400 1120 2469 venissent,

216 2473 252 2528 ob
266 2491 388 2548 eamque
403 2492 463 2532 rem
478 2476 631 2551 imperium
646 2476 690 2534 his
705 2487 780 2534 esset
794 2478 974 2553 abrogatum,
990 2487 1075 2551 atque
1090 2479 1118 2534 in

216 2569 316 2608 eorum
331 2553 426 2609 locum
441 2554 491 2611 alii
512 2564 647 2629 praetores
661 2557 884 2612 successissent:
907 2553 1120 2629 Epaminondas
1140 2560 1159 2613 4

217 2630 385 2704 populiscito
405 2649 461 2688 non
484 2635 588 2707 paruit,
614 2633 748 2707 idemque
770 2642 801 2689 ut
823 2632 960 2699 facerent,
981 2635 1120 2707 persuasit

217 2709 351 2786 collegis,
366 2719 394 2766 et
418 2710 536 2778 bellum,
551 2711 627 2786 quod
649 2720 824 2786 susceperat,
845 2709 943 2787 gessit.
985 2709 1120 2788 Namque

216 2787 470 2857 animadvertebat,
486 2791 541 2846 nisi
555 2789 583 2845 id
600 2788 723 2857 fecisset,
734 2798 823 2846 totum
835 2789 995 2846 exercitum
1007 2801 1120 2867 propter

127 2884 132 2894 ·
217 2875 368 2938 pratorum
383 2867 605 2942 imprudentiam
617 2862 854 2944 inscientiamque
870 2867 936 2924 belli
948 2868 1117 2943 periturum.

217 2941 279 3000 Lex
295 2955 356 3002 erat
371 2944 490 3014 Thebis,
504 2964 570 3022 quae
581 2958 670 3004 morte
685 2945 833 3016 multabat,
849 2943 952 3028 sffiquis
966 2948 1118 3023 imperium
1139 2951 1158 3004 5

217 3020 323 3080 diutius
344 3024 516 3093 retinuisset,
531 3043 618 3099 quain
639 3025 702 3101 lege
722 3026 894 3101 praefinitum
910 3024 991 3082 soret.
1034 3025 1119 3084 Hanc

217 3099 431 3174 Epaminondas
442 3120 530 3175 quum
543 3104 708 3178 reipublicae
716 3103 920 3162 conservanda
931 3122 1021 3161 causa
1030 3103 1118 3161 latam

217 3178 334 3248 videret,
351 3179 386 3236 ad
409 3181 564 3254 perniciem
582 3183 707 3239 civitatis
721 3181 852 3240 conferre
866 3181 976 3253 noluit;
999 3193 1027 3240 et
1047 3202 1117 3258 qua·

216 3265 281 3313 tuor
305 3257 451 3316 mensibus
475 3260 591 3328 diutius,
617 3279 704 3336 quam
730 3260 852 3336 populus
871 3260 1006 3335 jusserat,
1031 3263 1119 3338 gessit

215 3351 255 3390 rm
275 3353 379 3391 ertum.

255 3354 338 3471 llll.
370 3414 523 3491 Postquam
548 3415 664 3472 domum
689 3417 812 3474 reditum
835 3427 886 3486 est,
911 3416 1032 3495 college)
1055 3417 1119 3492 ejus
1141 3421 1176 3474 1.

215 3489 270 3548 hoc
295 3493 417 3550 crimine
442 3495 664 3552 accusabantur.
707 3495 832 3561 vQuibus
854 3496 905 3553 ille
928 3496 1064 3571 permisit,
1088 3505 1120 3552 ut

216 3587 331 3628 omnem
346 3589 464 3629 causam
478 3574 508 3629 in
522 3591 553 3629 se
567 3573 764 3642 transferrent,
779 3591 889 3648 suaque
903 3591 991 3648 opera
1010 3571 1120 3629 factum

216 3647 428 3719 contenderent,
455 3661 486 3708 ut
510 3650 569 3727 legi
592 3667 648 3708 non
669 3651 825 3708 obedirent.
867 3650 936 3715 Qua
956 3647 1120 3706 defensione

214 3725 274 3784 illis
288 3726 417 3803 periculo
431 3727 568 3798 liberatis,
577 3747 662 3786 nemo
676 3727 906 3804 Epaminondam
917 3743 1121 3799 responsurum
