2608 4300
301 369 343 426 44
580 361 622 425 X
667 369 697 438 5,
713 369 741 424 6.
787 363 942 442 (Dion)

297 508 472 566 deducerent
461 508 538 582 tut),
508 527 584 565 use
604 507 639 564 de
661 509 807 582 superiore
828 521 908 583 parte
930 511 1032 567 adium
1046 511 1198 588 dejecerit,

297 598 381 659 tque
396 586 435 640 ιιι
448 586 596 642 interierit.
640 588 700 643 Sed
713 587 781 644 illuc
797 598 931 644 revertor.

259 670 326 744 ιι
312 664 373 721 V.
396 664 572 738 Postquain
565 665 731 722 Corinthum
744 666 876 740 pervenit
890 667 967 722 Dion
979 678 1007 723 et
1018 668 1120 724 eodem
1130 688 1198 743 per·

318 769 356 808 ³57
414 743 490 832 fugit
506 729 689 811 Heraclides,
709 744 861 799 abeodem
882 747 1018 820 expulsus
1040 747 1197 834 Dionysio,

297 818 354 857 ³⁴⁰·
367 827 388 855 ¹²·
414 822 461 895 qui
475 817 625 895 praefectus
638 821 732 878 fuerat
721 822 887 894 toquitum;
913 824 990 878 omni
1005 825 1112 880 ratione
1132 826 1197 881 bel·

239 903 274 954 ,2
295 900 354 955 lum
376 917 541 973 comparare
563 909 719 973 ooeperuut.
763 900 823 960 Sed
842 918 900 956 non
921 902 1038 957 multum
1061 902 1197 975 prolicie-

295 979 371 1047 bam,
403 977 477 1056 quod
512 978 680 1038 multorum
697 995 834 1032 annorum
868 979 995 1066 tyrannis
1026 997 1197 1066 magnarum

295 1073 380 1144 opum
392 1057 548 1130 putabatur.
591 1029 685 1118 Quam
699 1057 734 1110 ob
749 1074 865 1111 causam
878 1075 962 1128 pauci
955 1056 1009 1112 ad
1024 1057 1197 1114 societatem

222 1137 225 1146 ’
256 1136 273 1186 3
295 1128 416 1210 periculi
430 1133 665 1207 perducebantur.
709 1133 769 1188 Sed
784 1133 871 1220 Dion,
884 1133 972 1189 fretus
987 1153 1044 1190 non
1058 1145 1116 1190 tarn
1130 1136 1201 1192 suis.

295 1212 396 1300 copiis,
412 1227 495 1284 quam
514 1211 580 1266 odio
587 1211 723 1298 tyranni,
742 1207 865 1267 ιιιιιιιιιιο
886 1213 979 1284 animo
994 1211 1102 1268 duabus
1124 1231 1195 1270 one-

294 1291 376 1346 rariis
401 1290 522 1345 navibus
547 1287 748 1362 quinquaginta
769 1307 906 1345 annorum
925 1277 1084 1363 imperium,
1100 1292 1194 1347 muni·

293 1378 351 1423 tum
365 1367 527 1454 quingentis
549 1367 642 1440 longis
662 1366 792 1436 navibus,
807 1367 909 1422 decem
929 1367 1062 1442 equitum,
1078 1378 1194 1424 centum

293 1445 422 1519 peditum
435 1444 560 1513 milibus,
574 1445 718 1518 profectus
740 1457 941 1519 oppugnatum,
956 1446 1192 1520 (quodomnibus

294 1525 425 1596 gentibus
452 1521 624 1579 admirabile
639 1534 683 1578 est
696 1523 801 1597 visum)
817 1521 888 1580 adeo
909 1523 995 1580 facile
1016 1524 1146 1598 perculit,
1162 1536 1193 1580 ut

293 1612 357 1674 post
378 1603 455 1658 diem
473 1601 594 1668 tertium,
608 1619 692 1672 quam
714 1600 846 1660 Siciliam
867 1602 916 1656 atti
938 1611 1006 1670 erat,
1029 1603 1192 1676 Syracusas

293 1678 442 1735 introierit.
485 1677 606 1766 Exque
627 1677 750 1752 intelligi
764 1689 867 1752 potest,
882 1621 991 1735 nullum
1012 1698 1078 1735 esse
1100 1680 1191 1754 impa-

254 1756 396 1812 4riumt
386 1767 483 1824 tutum,
503 1756 560 1810 nisi
584 1755 785 1812 benevolentia
806 1758 951 1814 munitum
993 1757 1039 1813 Eo
1061 1768 1190 1832 tempore

294 1836 390 1890 aberat
405 1801 617 1908 Dioriysius‚et
631 1834 660 1889 in
676 1834 759 1890 Italia
779 1836 904 1915 classem
918 1836 1126 1932 opperiebatur,
1142 1836 1191 1893 ad·

293 1913 484 1968 versariorum
502 1924 578 1967 ratus
597 1913 741 1984 neminem
763 1913 825 1969 sine
847 1910 959 1988 magnis
985 1915 1077 1987 copiis
1099 1914 1189 1970 adse

254 1995 449 2047 5venturum.
492 1991 624 2055 eraeres
640 2009 705 2046 eum
719 1990 830 2048 fefellit
873 1992 949 2048 Nam
963 1992 1074 2048 Dion''
1055 2011 1092 2048 ns
1107 1993 1190 2081 ipsiS,

292 2067 340 2141 qui
369 2071 421 2125 sub
449 2068 613 2124 adversarii
632 2068 743 2130 fuerant
732 2079 807 2143 tpo
809 2080 921 2138 testate,
946 2071 1042 2144 regios
1071 2071 1188 2144 spiritus

293 2147 439 2220 repressit,
454 2148 596 2219 totiusque
612 2147 674 2221 ejus
695 2149 783 2221 partis
806 2148 914 2204 Siciliae
935 2149 1040 2222 potitus
1059 2160 1112 2216 est,
1126 2167 1189 2222 quae

293 2225 355 2304 sub=
361 2225 496 2300 Dionysii
510 2235 650 2298 potestate
665 2224 759 2281 fuerat
767 2248 773 2294 ;
788 2227 905 2300 parique
917 2227 1001 2282 modo
1012 2225 1089 2282 ulbis
1103 2229 1189 2301 Syra·

293 2307 433 2371 cubatum,
452 2315 553 2376 praeter
574 2321 670 2358 arcem
691 2313 720 2358 et
741 2305 863 2360 insulam
882 2304 1043 2380 adjunctam
1065 2305 1188 2378 oppidor

254 2383 271 2435 6
294 2399 384 2454 eoque
399 2400 463 2437 ram
473 2380 614 2454 perduxit,
625 2393 655 2436 ut
668 2383 772 2438 talibus
786 2382 966 2455 pactionibus
981 2402 1084 2457 pacem
1094 2392 1188 2456 tyran·

292 2479 345 2516 nus
373 2459 471 2522 facere
495 2457 599 2515 vellet:
634 2459 766 2515 Siciliam
794 2459 872 2516 Dion
899 2461 1048 2530 obtineret,
1076 2461 1188 2517 Italiam
1224 2462 1227 2472 “

250 2537 461 2627 Dionysius,
478 2539 638 2612 Syracusas
654 2537 862 2611 Apollocrates
878 2538 924 2596 cui
938 2539 1090 2595 maximam
1102 2539 1189 2594 fidem

241 2645 245 2648 ·
255 2617 341 2750 luni
355 2616 477 2672 habebat
467 2616 607 2692 t[Dion].

332 2695 384 2750 Vl.
407 2695 470 2752 Has
484 2707 541 2750 tam
554 2712 706 2768 prosperas
720 2705 833 2768 tamque
847 2696 1008 2770 inopinatas
1024 2715 1071 2752 res
1087 2713 1187 2751 conse-

220 2808 224 2814 ι
277 2781 340 2832 ,tou
341 2792 358 2828 a
372 2782 417 2828 est
406 2774 523 2829 tsubita
537 2774 717 2833 commutatio
720 2769 816 2846 ,quod
830 2774 884 2830 fort
873 2783 940 2831 ιιιιιι
955 2791 1007 2830 sua
1020 2773 1186 2841 mobilitate,

247 2854 271 2904 2
292 2868 377 2922 quem
390 2851 485 2937 paullo
500 2861 563 2905 ante
580 2859 628 2906 ext
617 2848 729 2919 tulerat,
743 2851 920 2939 demergere
926 2861 971 2906 est
960 2851 1091 2907 tadorta
1127 2851 1188 2908 Ρι1-

291 2945 383 2988 mum
392 2927 422 2981 in
439 2928 512 2992 filio,
535 2927 570 2980 de
595 2946 650 2997 quo
673 2929 892 2984 commemoravi
912 2945 1006 3000 supra,
1029 2937 1109 2984 suam
1131 2930 1188 2984 vim

292 3004 429 3060 exercuit.
462 2989 537 3066 Nam
548 3019 633 3073 quum
646 3021 764 3058 uxorem
774 3005 937 3059 reduxisse
927 3016 1018 3076 t,quae
1033 3005 1083 3060 alii
1097 3005 1189 3062 suerat

291 3081 401 3148 tradita,
415 3079 559 3168 filiumque
581 3081 669 3136 vellet
688 3098 825 3136 revocare
847 3080 970 3136 advntu
951 3091 1028 3139 eutm
1047 3082 1171 3175 a'perdit
1172 3103 1189 3138 ι

291 3159 411 3232 luxuria,
462 3158 538 3230 cepit
559 3157 758 3246 gravissimum
778 3157 882 3250 paiens
896 3159 999 3236 vulnus
1021 3173 1109 3218 morte
1125 3151 1186 3218 lilii.

253 3241 269 3292 3
292 3235 407 3292 Deinde
422 3177 482 3324 dita
496 3235 700 3292 dissensiot
655 3247 700 3292 est
714 3235 788 3292 inter
801 3237 866 3292 oum
881 3245 909 3292 et
898 3223 1108 3294 tHeraclidem
1112 3240 1201 3312 ,qui‚.

291 3313 366 3402 quod
389 3313 578 3402 principatum
600 3334 658 3371 non
683 3315 868 3384 concedebat,
892 3307 1046 3372 factionem
1074 3336 1187 3391 compa-

290 3391 371 3447 ravit.
413 3384 538 3464 Neque
531 3410 557 3446 rs
571 3392 665 3448 minus
681 3395 793 3450 valebat
808 3394 882 3468 apud
896 3374 1055 3469 optimates,
1067 3413 1184 3467 quorum

291 3489 436 3526 consensu
454 3479 586 3543 praeorat
594 3470 691 3538 classi,
707 3491 791 3544 quum
813 3473 890 3544 Dion
911 3473 1069 3530 exercitum
1082 3472 1187 3546 pedes-

252 3551 274 3602 4,
291 3558 363 3603 trem
376 3558 495 3604 teneret.
538 3548 605 3604 Non
619 3548 682 3603 tulit
702 3548 757 3606 hoo
779 3552 872 3606 animo
888 3569 965 3623 aequo
982 3551 1067 3622 Dion,
1083 3560 1111 3606 et
1124 3569 1188 3605 ver-

292 3644 355 3682 sum
369 3625 449 3682 illum
464 3625 585 3682 Homeri
598 3626 694 3682 retulit
709 3646 745 3682 ex
766 3628 894 3684 secunde
910 3628 1072 3701 rhapsodia,
1086 3629 1117 3684 in
1131 3646 1186 3700 quo

232 2353 246 2379 ἱ
