2608 4300
410 362 500 426 XIX.
543 371 574 436 3,
588 369 617 424 4.
665 361 843 444 (Phocion.)
1034 373 1072 432 81

157 511 299 571 Demade
315 515 351 572 de
366 515 437 572 urba
452 515 590 574 tradenda
605 516 758 592 Antipatro
772 527 978 590 consenserat3
1001 517 1076 594 ejus·

156 611 216 668 que
232 595 362 653 consilio
378 593 590 651 Demosthenes
600 612 667 651 cum
688 595 803 664 ceteris,
818 597 868 670 qui
890 597 962 654 bene
977 595 1012 654 de
1032 615 1075 656 re·

155 671 284 745 publica
309 673 405 732 meriti
431 673 677 740 existimabantur,
694 673 863 748 populiscito
887 675 916 732 in
939 675 1075 734 exsilium

155 759 244 807 erant
265 751 393 826 expulsi.
435 751 540 825 Neque
554 751 585 806 in
600 768 633 806 eo
647 750 740 806 solum
754 749 918 821 offenderat,
936 753 1011 828 quod
1026 772 1073 828 pa·

154 829 222 883 triae
238 828 322 884 male
337 829 532 897 consuluerat,
547 828 597 884 sed
619 829 716 896 etiam,
731 829 805 903 quod
829 831 964 888 amicitiae
988 831 1074 888 fidem

154 921 215 961 non
233 907 420 980 praestiterat.
462 906 598 981 Namque
613 915 718 962 auctus
738 905 910 982 adiutusque
925 927 942 965 a
956 907 1073 966 Demos·
1094 913 1113 966 8

155 983 248 1040 thene
270 998 351 1051 eum,
368 1002 454 1058 quem
477 986 601 1053 tenebat,
624 983 811 1042 adscenderat
830 985 963 1060 gradum,
984 1005 1074 1062 quum

156 1061 307 1118 adversus
321 1062 477 1120 Charetem
491 1081 559 1119 eum
573 1064 761 1119 subornaret:
784 1063 820 1118 ab
834 1062 933 1120 eodem
948 1065 977 1119 in
998 1064 1073 1139 judi·

156 1139 223 1207 ciis,
239 1159 336 1214 quum
362 1142 463 1216 capitis
483 1159 603 1198 causam
617 1141 734 1207 diceret,
756 1138 892 1197 defensus
916 1142 1073 1216 aliquoties,

156 1215 308 1274 liberatus
323 1217 504 1276 discesserat.
539 1219 629 1275 Hunc
644 1236 701 1274 non
714 1218 807 1274 solum
823 1218 853 1274 in
868 1219 1005 1292 periculis
1019 1237 1074 1277 non

157 1292 303 1364 defendit,
318 1296 369 1352 sed
393 1297 480 1354 etiam
501 1297 632 1372 prodidit.
674 1295 805 1354 Concidit
829 1305 926 1352 autem
950 1297 1114 1354 maximat

159 1390 219 1430 uno
233 1375 371 1443 crimine,
386 1374 470 1449 quod,
485 1393 576 1449 quum
591 1373 666 1448 apud
686 1392 754 1430 eum
775 1391 920 1430 summum
934 1385 1009 1432 esset
1023 1375 1074 1430 im·

159 1452 282 1524 perium
307 1452 414 1526 populi,
436 1463 473 1522 et,
499 1452 686 1520 Nicanorem,
711 1449 867 1508 Cassandri
895 1451 1072 1527 proefectum,

159 1528 298 1586 insidiari
313 1530 422 1586 Piraeeo
438 1531 670 1598 Atheniensium,
693 1548 711 1586 a
734 1529 875 1603 Dercyllo
899 1539 1072 1600 moneretur,

160 1607 302 1682 idemque
316 1609 482 1683 postularet,
496 1619 528 1664 ut
542 1607 711 1683 provideret,
726 1627 762 1664 ne
777 1608 984 1666 commeatibus
1003 1609 1072 1665 civi-

160 1695 208 1741 tas
223 1686 401 1760 privaretur,
423 1687 501 1754 huic,
516 1686 650 1742 audiente
672 1686 783 1761 populo,
808 1685 933 1743 Phocion
955 1687 1073 1763 negavit

161 1781 229 1820 esse
253 1763 426 1838 periculum,
448 1782 536 1839 seque
551 1763 614 1838 ejus
629 1764 671 1819 rei
694 1763 822 1820 obsidem
847 1762 906 1822 fore
927 1763 1072 1839 pollicitus

160 1851 217 1897 est.
263 1841 368 1916 Neque
383 1843 422 1899 ita
437 1843 527 1898 multo
542 1850 603 1917 post
623 1841 755 1898 Nicanor
776 1841 885 1922 Piraaeo
899 1853 941 1899 est
955 1843 1068 1918 potitus.
1091 1845 1110 1897 5

162 1919 215 1975 Ad
242 1937 330 1993 quem
355 1920 587 1995 recuperandum
608 1937 699 1993 quum
720 1939 754 1996 po
776 1919 841 1976 ulus
863 1931 990 1978 armatus
1004 1940 1070 1978 con-

162 1998 316 2064 currisset,
332 1997 381 2055 ille
395 2015 451 2054 non
466 1997 549 2054 modo
562 1998 705 2053 neminem
730 1937 773 2056 ati
787 2015 868 2054 arma
882 1999 1004 2067 vocavit,
1020 1997 1071 2056 sed

162 2093 202 2132 ne
218 2077 338 2132 armatis
352 2077 468 2150 quidem
493 2093 614 2152 praeesse
629 2075 728 2132 voluit.
771 2075 853 2151 [Sine
875 2094 932 2150 quo
946 2077 1071 2133 Athenae

162 2154 283 2210 omnino
297 2172 360 2210 esse
374 2171 430 2210 nou
445 2153 588 2229 possunt]

205 2229 260 2288 Ill.
283 2231 376 2287 Erant
386 2251 420 2288 eo
430 2241 557 2306 tempore
572 2231 695 2288 Athenis
705 2230 771 2288 duae
785 2229 931 2300 sactiones,
946 2249 1071 2306 quarum
1094 2233 1109 2287 l

163 2327 228 2366 una
251 2309 347 2383 populi
371 2328 490 2366 causam
505 2309 617 2384 agebat,
633 2309 724 2364 altera
737 2309 914 2384 optimatum.
956 2308 991 2366 In
1015 2308 1072 2366 hac

163 2396 230 2443 erat
244 2387 369 2456 Phocion
383 2397 411 2444 et
425 2385 590 2444 Demetrius
605 2387 772 2443 Phalereus.
815 2386 928 2448 Harum
948 2397 1071 2460 utraque

164 2464 359 2522 Macedonum
375 2465 539 2540 patrociniis
559 2465 712 2522 nitebatur.
755 2463 832 2520 Nam
848 2463 1001 2539 populares
1019 2463 1071 2520 Po·

164 2542 364 2617 lysperchonti
379 2541 532 2613 favebant;
555 2543 705 2618 optimates
729 2559 798 2598 cum
822 2540 985 2598 Cassandro
1008 2558 1071 2596 sen·

165 2620 286 2678 tiebaut.
308 2619 424 2677 Interim
440 2639 457 2676 a
472 2620 714 2694 Polysperchonte
725 2619 888 2676 Cassander
902 2617 1071 2674 Macedonia
1091 2623 1111 2676 2

165 2698 270 2774 pulsus
283 2708 334 2754 est.
377 2697 446 2762 Quo
468 2697 543 2754 sacto
567 2696 691 2772 populus
711 2697 841 2770 superior
862 2695 956 2752 lactus
976 2697 1071 2753 statim

165 2776 258 2832 duces
273 2776 444 2832 adversariae
458 2773 590 2833 sectionis
603 2774 706 2848 capitis
720 2774 868 2830 damnatos
878 2774 970 2848 patria
984 2793 1070 2850 pepu-

165 2853 219 2924 lit;
242 2854 272 2909 in
286 2854 331 2910 his
344 2853 517 2910 Phocionem
528 2863 556 2909 et
570 2848 751 2908 Demetrium
766 2850 955 2909 Phalereum:
976 2852 1069 2928 deque

149 2993 151 2998 ,
166 2949 203 2988 ea
217 2949 249 2986 re
263 2930 372 3006 legatos
387 2930 422 2986 ad
440 2930 712 3004 Polysperchontem
727 2929 812 2998 misit,
827 2930 878 3004 qui
892 2928 927 2985 ab
946 2949 980 2987 eo
993 2940 1069 3006 pete-

168 3019 240 3075 rent,
256 3017 288 3064 ut
301 3023 356 3066 sua
369 3008 487 3065 decreta
501 3007 693 3064 confirmaret.
730 3005 798 3064 Huc
812 3007 911 3063 eodem
926 3006 1070 3082 profectus
1090 3015 1109 3067 3

167 3095 210 3144 est
230 3087 365 3143 Phocion.
408 3085 476 3150 Quo
501 3095 533 3142 ut
556 3087 642 3154 venit,
664 3103 784 3142 causam
809 3084 884 3158 apud
905 3085 1070 3160 Philippum

167 3182 267 3240 regem
291 3165 389 3232 verbo,
417 3181 449 3220 ra
473 3165 536 3238 ipsa
560 3163 677 3237 quidem
697 3162 772 3237 apud
797 3161 1069 3236 Polysperchontem

164 3241 263 3315 jussus
276 3252 319 3298 est
340 3241 454 3298 dicere:
475 3259 600 3315 namque
614 3242 639 3296 is
659 3250 720 3297 tum
737 3240 812 3316 regis
827 3240 913 3297 rebus
937 3251 1069 3315 praerat.

167 3317 226 3376 Hic
251 3320 287 3376 ab
308 3319 463 3394 Agnonide
488 3329 650 3387 accusatus,
666 3317 741 3392 quod
762 3317 904 3376 Piraeeum
928 3319 1069 3376 Nicanori
1090 3325 1109 3378 4

167 3397 345 3472 prodidisset,
359 3415 396 3453 ex
410 3396 522 3454 consilii
536 3397 676 3453 sententia
689 3396 718 3451 in
733 3393 890 3452 custodiam
911 3397 1068 3469 conjectus,

169 3475 300 3532 Athenas
310 3473 452 3531 deductus
462 3483 513 3542 est,
524 3484 555 3530 ut
565 3472 648 3529 ibide
660 3492 693 3528 eo
701 3472 814 3548 legibus
825 3473 906 3529 ficret
914 3473 1067 3546 judicium.

205 3552 259 3609 IV.
282 3552 354 3608 Huc
378 3552 428 3608 ubi
449 3561 619 3627 perventum
641 3559 693 3617 est,
708 3567 799 3623 quum
819 3559 933 3625 propter
958 3558 1069 3606 aetatem
1092 3551 1106 3604 1

166 3631 288 3707 pedibus
299 3629 361 3702 jam
375 3646 431 3686 non
445 3627 563 3698 valeret,
579 3626 772 3701 vehiculoque
786 3634 957 3700 portaretur,
973 3627 1070 3699 magni

164 3724 331 3768 concursus
350 3715 417 3764 sunt
441 3705 520 3776 facti,
535 3723 625 3786 quum
646 3703 705 3773 alii,
728 3703 946 3762 reminiscentes
962 3702 1070 3760 veteris
