2608 4300
382 387 491 494 xvtt
530 397 559 463 3,
575 396 603 451 4.
652 387 858 472 (Agesilaus.)
1028 395 1070 452 69

160 559 276 598 summa
291 541 348 598 fide
364 543 468 598 mansit
490 541 665 618 Agesilaus3
689 551 791 598 contra
804 559 840 597 ea
861 539 1072 617 Tissaphernes

159 621 233 676 nihil
249 619 339 689 eliud,
354 639 443 695 quam
459 620 568 677 bellum
582 622 768 695 comparavit.
812 619 843 677 Id
863 620 916 676 etsi
929 619 1071 676 sentiebat
1091 621 1110 675 5

160 697 251 767 Laco,
266 698 590 773 tamen-jusjurandum
615 691 756 768 servabat,
779 697 959 773 multumque
983 697 1014 754 in
1036 716 1070 754 eo

160 795 191 833 se
206 777 346 851 consequi
367 777 489 846 dicebat,
504 777 579 851 quod
601 777 810 852 Tissaphernes
834 776 961 851 perjurio
974 793 1027 832 suo
1041 785 1069 832 et

159 855 292 912 homiues
305 855 366 912 suis
381 856 468 912 rebus
482 857 668 923 abalienaret,
690 864 719 911 et
742 855 809 914 deos
822 855 876 911 sibi
897 855 984 911 iratos
1005 853 1068 911 red·

160 933 241 990 deret
251 953 260 1005 3
283 952 315 989 se
329 943 427 990 autem
441 943 617 991 conservate
636 934 774 1008 religione
795 932 966 990 confirmare
987 950 1068 989 exar-

160 1011 261 1080 citum,
277 1030 367 1086 quum
383 1012 634 1081 animadverteret,
654 1011 772 1068 deorum
793 1029 900 1066 numen
915 1009 1010 1068 facere
1025 1029 1067 1066 se-

160 1108 239 1158 cum,
268 1089 454 1165 hominesque
481 1091 536 1147 sibi
564 1090 713 1148 conciliari
742 1090 902 1157 amiciores,
924 1088 999 1164 quod
1024 1089 1069 1146 his

161 1167 277 1224 studere
292 1179 487 1238 consuessent,
503 1189 575 1244 quos
590 1186 761 1226 conservare
776 1166 861 1223 fidem
878 1166 1017 1224 viderent.

202 1245 253 1303 ΙΙΙ.
277 1247 432 1322 Postquam
456 1248 640 1305 induciarum
663 1246 801 1322 praeteriit
825 1244 895 1313 dies,
920 1245 1068 1314 barbarus,
1092 1249 1106 1302 1

162 1343 219 1380 non
232 1325 384 1395 dubitans,
400 1326 475 1400 quod
505 1327 596 1402 ipsius
617 1335 699 1382 erant
723 1325 850 1400 plurima
874 1323 1020 1380 domicilia
1039 1323 1067 1378 in

162 1401 258 1472 Caria,
273 1413 302 1461 et
315 1423 350 1460 ea
365 1405 446 1480 regio
461 1405 506 1461 his
519 1404 697 1479 temporibus
709 1401 800 1459 multo
822 1402 977 1478 putabatur
991 1401 1068 1458 locu·

161 1475 330 1556 pletissima,
346 1502 381 1540 eo
396 1484 573 1558 potissimum
596 1483 690 1540 hostes
704 1482 843 1557 impetum
860 1479 995 1549 facturos,
1011 1499 1068 1536 om-

160 1577 213 1616 nes
226 1579 295 1617 suas
310 1562 407 1636 copias
421 1580 456 1618 eo
469 1569 662 1618 contraxerat.
705 1560 745 1617 At
760 1558 918 1636 Agesilaus
933 1560 961 1616 in
977 1558 1067 1634 Phry·
1089 1563 1107 1616 Β

159 1639 240 1712 giam
254 1657 285 1695 se
300 1641 450 1708 convertit,
466 1658 589 1714 eamque
609 1640 690 1715 prius
710 1637 901 1714 depopulatus
914 1648 964 1706 est,
980 1655 1068 1713 quem

160 1716 371 1792 Tissaphernes
387 1736 509 1793 usquam
524 1738 554 1775 se
569 1727 707 1776 moveret.
750 1717 859 1794 Magne
879 1716 977 1791 praeda
991 1717 1064 1774 mili·

158 1795 237 1852 tibus
262 1794 450 1871 locupletatis
481 1796 630 1873 Ephesum
655 1797 811 1854 hiematum
837 1796 997 1852 exercitum
1023 1813 1065 1852 re-

158 1873 251 1942 duxit,
267 1883 351 1948 atque
373 1875 411 1930 ibi
432 1875 555 1932 officinis
569 1893 715 1932 armorum
736 1874 880 1942 institutis,
895 1892 1000 1950 magna
1024 1875 1065 1931 in-

157 1951 393 2010 dustria'bellum
408 1955 567 2030 apparavit.
591 1954 629 2010 Et
643 1973 700 2029 quo
714 1953 868 2011 studiosius
883 1964 1066 2010 armarentur

157 2030 358 2106 insigniusque
381 2042 561 2101 omarentur‚
584 2033 702 2107 praemia
724 2032 877 2107 proposuit,
893 2032 999 2106 quibus
1018 2031 1065 2088 do·

157 2120 306 2178 narentur,
328 2128 452 2184 quorum
480 2112 598 2187 egregia
622 2111 652 2166 in
673 2130 708 2167 ea
733 2129 764 2168 re
788 2108 888 2167 fuisset
912 2110 1063 2168 industria.

159 2185 243 2245 Fecit
256 2187 332 2244 idem
353 2189 383 2243 in
398 2190 635 2246 exercitationum
650 2190 814 2265 generibus,
831 2199 870 2258 ut,
885 2189 936 2264 qui
958 2190 1064 2246 ceteris
1086 2194 1105 2246 3

157 2267 363 2340 praestitissent,
379 2285 427 2324 eos
442 2269 554 2344 magnis
568 2267 698 2324 afficeret
719 2268 895 2324 muneribus.
937 2267 993 2324 His
1013 2268 1064 2343 igi-

157 2354 206 2400 tur
220 2345 306 2402 rebus
321 2344 424 2413 effecit,
441 2357 472 2403 ut
486 2356 514 2402 et
528 2347 741 2403 ornatissimum
751 2357 780 2403 et
793 2346 1065 2403 exercitatissimum

157 2422 276 2480 haberet
301 2425 472 2481 exercitum.
515 2424 594 2482 Huic
617 2444 707 2500 quum
733 2434 846 2500 tempus
860 2435 935 2482 esset
959 2425 1064 2492 visum,
1085 2429 1107 2482 4

158 2502 255 2577 copias
269 2502 421 2559 extrahere
436 2522 472 2560 ex
486 2503 691 2572 hibernaculis,
707 2503 786 2572 vidit,
802 2503 836 2571 si,
851 2521 909 2577 quo
923 2511 998 2558 esset
1012 2502 1066 2558 iter

158 2577 300 2650 facturus,
326 2580 421 2656 palam
449 2583 669 2658 pronuntiasset,
695 2582 791 2640 hostes
815 2599 871 2636 uon
896 2578 1064 2650 credituros,

157 2657 288 2734 aliasque
303 2661 436 2735 regiones
449 2660 800 2735 praesidiisoccupaturos,
812 2677 867 2715 nec
877 2658 1064 2728 dubitaturos,

156 2736 238 2793 aliud
266 2757 328 2794 esse
351 2737 558 2807 facturumue
584 2739 806 2813 pronuntiasset.
848 2736 950 2813 Itaque
974 2742 1104 2812 quumb

155 2816 206 2872 ille
231 2814 349 2873 Sardeis
364 2817 475 2873 iturum
489 2836 520 2874 se
546 2817 673 2884 dixisset,
700 2815 911 2891 Tissaphernes
935 2815 1064 2873 eamdem

156 2893 273 2951 Cariam
287 2893 496 2952 defendendam
511 2896 630 2970 putavit.
666 2895 699 2953 In
713 2915 771 2971 quo
784 2913 874 2970 quum
889 2913 956 2952 eum
970 2896 1065 2971 opinio

157 2970 314 3041 fefellisset,
330 2974 497 3048 victumque
509 2993 539 3031 se
552 2974 668 3031 vidisset
678 2973 816 3046 consili03
839 2993 904 3031 sero
918 2975 978 3030 suis
992 2993 1063 3049 prae-

156 3051 228 3108 sidio
241 3051 387 3126 profectus
402 3061 455 3108 est.
497 3052 527 3108 N
530 3071 576 3108 am
589 3072 681 3128 ,quum
698 3053 749 3110 illo
763 3053 896 3120 venisset,
909 3053 970 3126 jam
985 3053 1063 3129 Age-

155 3129 256 3199 silaus,
272 3131 370 3187 multis
384 3132 457 3188 loeis
471 3132 651 3208 expugnatis,
667 3150 774 3208 magna
787 3141 849 3188 erat
874 3131 970 3209 praeda
995 3132 1062 3205 poti-

155 3217 212 3264 tus.
255 3207 336 3266 Laco
358 3219 465 3278 autem,
480 3227 571 3284 quum
585 3209 703 3280 viderat,
721 3211 813 3266 hostes
833 3211 962 3286 equitatu
980 3229 1062 3286 supe·
1084 3215 1102 3267 6

156 3304 230 3356 rare,
246 3305 406 3362 numquam
424 3287 454 3343 in
478 3306 581 3363 campo
605 3289 651 3346 sui
676 3287 744 3346 feeit
768 3298 945 3363 potestatam,
967 3297 996 3345 et
1019 3289 1064 3346 his

155 3364 226 3421 loeis
240 3383 360 3422 manum
375 3367 529 3435 conseruit,
545 3367 651 3442 quibus
672 3367 737 3442 plus
751 3366 896 3442 pedestres
910 3367 1001 3442 copiae
1015 3385 1063 3423 va-

155 3443 258 3500 lerent.
303 3443 418 3519 Pepulit
443 3463 521 3520 erge,
547 3447 786 3520 quotiescumque
811 3464 986 3523 congressus
1011 3455 1062 3514 est,

155 3521 246 3578 multo
269 3523 394 3598 majores
420 3523 653 3580 adversariorum
675 3525 781 3599 copias,
807 3534 836 3581 et
863 3526 906 3581 sic
931 3524 961 3579 in
990 3522 1065 3578 Asia

155 3610 286 3657 versatus
302 3610 353 3668 est,
369 3610 401 3658 ut
414 3602 545 3668 omnium
559 3601 690 3676 opinione
705 3603 796 3660 victor
811 3602 978 3660 duceretur.

195 3677 248 3735 IV.
270 3678 330 3736 Hic
352 3697 444 3755 quum
466 3679 528 3753 jam
544 3679 641 3735 animo
659 3679 848 3737 meditaretur
868 3676 1014 3754 proficisci
1033 3677 1064 3732 in
1087 3681 1101 3733 1

156 3755 269 3828 Persas,
284 3767 313 3816 et
333 3757 429 3833 ipsum
444 3775 544 3833 regem
565 3757 680 3827 adoriri,
695 3758 816 3814 nuntius
840 3757 868 3811 ei
890 3754 974 3809 domo
988 3753 1066 3807 venit
