2608 4300
391 402 482 465 XIV.
526 409 554 478 7,
571 408 600 464 8.
645 403 828 484 (Datames.)
1013 413 1055 470 57

169 562 263 608 tentes
277 550 420 608 Datames
435 549 559 606 invadit:
581 549 671 624 primo
692 550 799 625 impetu
818 551 909 625 pellit,
923 549 1069 628 fugiemes

168 629 357 704 persequitur,
386 629 490 684 multos
520 627 661 697 interficit,
690 641 785 686 castra
820 629 945 687 hostium
981 631 1067 706 capit.

169 708 236 764 Tali
261 707 385 764 consilio
412 724 470 762 uuo
494 716 620 780 tempore
642 716 675 762 et
697 707 856 780 proditores
882 708 1013 784 perculit,
1039 721 1068 766 et
1088 713 1107 766 8

167 785 269 842 hostes
283 785 454 862 profligavit,
469 795 506 854 et,
519 783 594 858 quod
615 785 651 840 ad
671 785 829 859 perniciem
848 785 939 844 fuerat
959 784 1067 862 cogita·

168 875 237 933 tum,
250 863 280 920 id
295 863 330 920 ad
344 865 467 920 salutem
482 862 632 918 convertit.
672 863 842 938 Quousque
856 865 966 922 acutius
980 865 1066 922 ullius

168 941 348 1016 imperatoris
373 941 537 1016 cogitatum,
557 959 652 1015 neque
676 941 801 997 celerius
826 941 930 1000 sactum
948 961 1067 1020 usquam

168 1021 197 1077 le
220 1020 303 1076 imus.
518 1041 524 1050 ·

163 1087 186 1130 ⁴
200 1040 287 1159 ngl.
301 1098 345 1154 Ab
359 1095 415 1154 hoe
430 1107 526 1154 tamen
540 1096 603 1153 viro
619 1096 758 1166 Scismas,
768 1097 891 1154 maximo
904 1109 972 1156 natu
982 1099 1067 1170 filius,
1090 1103 1103 1158 l

170 1175 284 1245 desciit,
296 1176 331 1234 ad
340 1193 494 1250 regemque
505 1175 626 1244 transiit,
636 1185 665 1261 qt
675 1175 711 1246 de
720 1175 884 1232 delectione
892 1177 980 1250 patris
989 1177 1068 1238 detu-

170 1255 213 1311 lit
248 1255 313 1320 Quo
326 1255 426 1332 nuntio
442 1255 616 1310 Artaxerxes
631 1245 882 1327 cdmmotus,quod
892 1253 1069 1330 intelligebat

171 1330 228 1390 sibi·
241 1351 306 1388 cum
319 1332 459 1388 viro‘sorti
473 1351 507 1387 ac
523 1342 639 1389 strenuo
647 1331 800 1406 'negotium
820 1351 897 1401 esse,
910 1332 969 1408 qui,
984 1352 1069 1408 quum

170 1411 335 1485 cogitasset,
346 1410 443 1467 facere
455 1410 582 1479 auderet,
594 1421 623 1466 et
632 1410 711 1484 prius
721 1409 857 1484 cogitare,
868 1429 951 1484 quarn
962 1411 1068 1480 conari,

170 1500 350 1558 consuesset,
361 1485 602 1562 Autophrodatem
614 1489 644 1544 in
656 1489 871 1562 Cappadociam
884 1489 976 1546 mittit.
1009 1491 1067 1547 Hic
1088 1495 1106 1547 2

94 1619 97 1626 ,
168 1587 207 1624 ne
227 1568 331 1624 intrare
353 1579 462 1640 posset,
488 1568 599 1632 saltum,
622 1567 653 1623 in
670 1573 735 1640 'quo
760 1567 873 1624 Ciliciae
894 1579 981 1643 portas
1003 1579 1068 1625 sunt

73 1662 77 1669 ·
169 1647 240 1714 sitae,
264 1645 401 1702 Datames
423 1663 623 1720 praeoccupare
645 1645 760 1702 studuit.
804 1645 864 1702 Sed
890 1657 948 1702 tam
974 1647 1066 1704 subito
1087 1651 1105 1704 3

169 1724 268 1798 copias
289 1723 457 1787 contrahere
478 1741 535 1780 non
554 1723 653 1798 potuit.
689 1725 784 1798 Aqua
797 1742 828 1781 re
843 1725 989 1800 depulsus,
1001 1744 1065 1782 cum

98 1795 108 1804 ”
168 1821 206 1858 ea
226 1821 321 1871 manu,
348 1821 432 1875 quam
459 1801 765 1876 contraxerat,.locum
785 1802 893 1878 delegit
915 1804 1010 1873 talem,
1034 1814 1065 1861 ut
1121 1809 1162 1878 ψ,

167 1899 261 1954 neque
277 1881 473 1936 circumiretur
488 1874 676 1949 ab'hostibus
690 1899 783 1953 neque
797 1881 954 1955 preteriret
967 1883 1066 1940 adver·

149 1992 153 1998 ·
168 1960 273 2028 sariuS,
286 1960 354 2032 quin
368 1957 539 2032 ancipitibus
553 1957 626 2014 locis
640 1969 825 2032 premeretur,
839 1959 913 2027 et‚'si
927 1960 1064 2018 dimicare

170 2037 261 2114 [cum]
281 2052 320 2094 'eo
338 2038 435 2105 vellet,
449 2054 506 2093 non
520 2036 637 2093 multum
656 2038 760 2094 obesse
781 2037 928 2096 multitudo
941 2037 1067 2096 hostium

106 2167 112 2176 .
168 2133 229 2173 sua
242 2115 378 2189 paucitati
392 2121 502 2189 posset?

148 2210 160 2229 ·=
210 2193 294 2250 VIIl.
318 2193 389 2250 Haec
411 2194 467 2250 etsi
481 2192 710 2267 Autophradates
724 2193 846 2263 videbat,
860 2205 955 2251 tamen
970 2196 1066 2252 statuit
1088 2199 1101 2252 1

169 2273 316 2346 congredi,
332 2290 415 2345 quam
430 2291 495 2328 curn
508 2272 594 2328 tantis
616 2272 708 2346 copiis
729 2272 870 2347 refugere,
885 2283 932 2330 aut
945 2284 1002 2330 tam
1016 2274 1066 2330 diu

168 2369 226 2407 uno
240 2351 305 2407 loco
319 2351 432 2407 sedere.
474 2350 605 2407 Habebat
618 2351 798 2428 barbarorum
818 2352 942 2425 equitum
955 2351 1065 2426 viginti,
1085 2356 1104 2407 2

126 2441 140 2452 ·
168 2429 296 2504 peditum
310 2441 424 2486 centum
436 2429 524 2498 milia,
533 2447 603 2502 quos
618 2429 661 2486 illi
674 2428 819 2486 Cardacas
829 2430 981 2504 appellant,
991 2430 1067 2503 ejus-

169 2507 291 2581 demque
307 2508 421 2582 geueris
435 2507 489 2564 tria
503 2507 691 2564 funditorum:
714 2517 853 2581 praeterea
862 2507 1067 2580 Cappadbcum

168 2573 244 2654 celo,
259 2585 584 2664 Armeniorum'decem
599 2583 817 2658 Paphlagonum
830 2583 963 2658 quinque,
976 2583 1067 2659 Phry-
1083 2585 1088 2594 “

169 2681 238 2738 gum
251 2663 362 2733 decem,
378 2663 523 2738 Lydorum
534 2663 670 2738 quinque,
685 2660 896 2735 Aspendiorum
911 2672 940 2718 et
954 2661 1066 2718 Pisida·
1088 2665 1093 2674 '
1114 2693 1117 2702 ι

168 2760 232 2798 rum
255 2742 370 2798 circiter
390 2743 452 2810 tria,
478 2740 604 2800 {ilicum
626 2740 691 2808 duc,
715 2739 917 2813 Captianorum
940 2738 1066 2810 totidem,

169 2838 208 2876 cx
233 2820 346 2876 Graecia
373 2816 575 2876 conductorum
597 2819 651 2874 tria
674 2817 798 2895 [milia]:
820 2817 893 2874 levis
921 2828 1065 2875 armaturae

167 2899 323 2956 maximum
335 2916 492 2956 numerum.
535 2897 599 2954 Hes
618 2897 755 2954 adversus
777 2895 875 2972 copias
890 2916 958 2971 spes
973 2897 1064 2954 omnis
1076 2901 1103 2954 ’3

169 2977 345 3033 consistebat
360 2976 474 3036 Datami
488 2977 519 3031 in
532 2994 565 3030 se
579 2975 692 3050 locique
707 2984 823 3032 natura:
845 2993 966 3050 namque
980 2975 1065 3052 hujus

167 3065 279 3130 partem
291 3073 350 3112 non
363 3054 486 3110 habebat
499 3053 666 3110 vicesimam
679 3052 809 3110 militum.
851 3053 962 3118 fluibus
977 3053 1065 3110 fretus

169 3132 307 3202 conflixit,
323 3132 605 3205 adversariorumque
626 3132 713 3188 multa
732 3131 813 3186 milia
833 3131 967 3200 concidit,
981 3149 1066 3205 quum

169 3209 205 3267 de
215 3210 306 3285 ipsius
319 3211 448 3268 exercitu
456 3228 512 3266 non
527 3210 647 3284 amplius
658 3209 804 3265 hominum
811 3208 890 3266 mille
900 3209 1064 3267 cecidisset.

169 3289 265 3354 Quam
279 3290 314 3345 ob
329 3307 446 3344 causam
464 3299 579 3362 postero
593 3287 640 3345 die
660 3298 796 3360 tropaeum
815 3286 918 3360 posuit,
932 3306 986 3360 quo
1000 3290 1065 3345 loco

167 3367 261 3443 pridie
289 3375 444 3442 pugnatum
468 3377 538 3422 erat.
580 3365 658 3422 Hinc
685 3382 770 3437 quum
798 3374 892 3421 castra
918 3365 1105 3435 movissent

168 3455 339 3520 semperque
350 3443 465 3501 inferior
471 3443 573 3519 copiiS,
582 3441 711 3517 superior
716 3441 845 3498 omnibu
855 3442 963 3516 proeliis
972 3443 1067 3498 disce·

168 3523 260 3592 deret,
287 3522 363 3596 quod
388 3540 538 3595 numquam
563 3537 678 3576 manum
704 3530 878 3587 consereret,
904 3519 963 3574 nisi
982 3537 1068 3591 quum

169 3600 352 3658 adversarios
374 3599 501 3656 locorum
523 3597 663 3672 augustiis
691 3598 845 3654 clausisset
869 3595 956 3670 (quod
975 3595 1067 3668 perito

168 3679 320 3754 regionum
341 3677 500 3750 callideque
521 3675 659 3750 cogitanti
680 3693 756 3749 saepe
778 3671 960 3743 accidebat):
983 3671 1107 3754 Auro-5

167 3756 335 3833 phradates‚
351 3773 436 3828 quum
454 3755 562 3812 bellum
582 3751 649 3808 duci
668 3754 776 3825 majore
798 3749 877 3820 regis
899 3747 1070 3813 calamitate,
