2608 4300
233 385 274 442 78
426 374 547 439 XVIII.
595 383 641 449 1⁰,
661 382 707 442 11.
754 371 948 456 (Eumenes.)

230 538 288 586 tem
303 525 507 586 refrenandum
521 529 660 604 impetum
675 526 732 584 tale
746 526 824 601 capit
835 525 998 583 consilium.
1034 524 1133 582 Certos

230 607 313 664 mittit
327 606 456 664 homines
471 606 505 663 ad
521 607 633 662 infimos
648 606 832 679 montes‚'qni
852 605 928 661 obvii
942 613 1026 661 erant
1039 604 1133 663 itineri

230 683 471 753 adversariorum,
492 685 595 758 bisque
616 683 760 759 praecepit,
776 694 808 740 ut
833 684 924 758 prIma
938 693 1032 750 nocte,
1046 700 1134 757 quam
1224 689 1235 698 ‘

230 761 368 818 latissime
393 763 509 837 possint,
532 763 614 838 ignes
637 760 745 818 iaciant
769 779 856 834 quam
876 762 1026 828 maximos,
1048 771 1134 834 atque

230 839 282 897 bos
296 840 424 898 secunda
435 840 535 916 vigilia
550 841 690 908 minuant,
705 839 790 895 tertia
810 838 983 913 perexiguos
997 838 1133 894 reddant:

191 922 211 975 4
231 927 259 975 et
279 918 446 974 assimulata
460 928 618 976 castrorum
633 915 840 974 consuetudine
858 917 1051 990 suspicionem
1073 915 1134 989 inji-

230 995 308 1054 ciant
322 993 458 1065 hostibus,
470 997 514 1053 his
528 996 599 1055 locis
613 1015 676 1052 esse
687 1004 791 1063 castra,
802 1013 837 1050 ac
851 993 886 1050 de
895 1011 996 1051 eorum
1010 993 1135 1049 adventu

231 1093 294 1131 esse
322 1076 564 1149 praenuntiatum3
600 1073 734 1149 idemque
762 1083 875 1148 postera
902 1083 985 1129 nocte
1015 1071 1134 1129 saciant.

191 1155 210 1210 5
231 1151 347 1218 Quibus
371 1153 542 1229 imperatum
557 1162 628 1220 erat,
643 1151 797 1228 diligenter
821 1164 997 1226 praeceptum
1019 1151 1133 1206 curant.

231 1232 405 1306 Antigonus,
431 1233 557 1288 tenebris
579 1231 693 1298 obortis,
716 1231 798 1305 ignes
812 1230 1012 1305 conspicatur:
1035 1229 1135 1296 credit,

231 1309 266 1366 de
280 1329 333 1366 suo
347 1309 472 1366 adventu
487 1329 549 1366 esse
565 1308 703 1377 nuditum,
719 1319 747 1366 et
774 1308 952 1365 adversarios
974 1308 1045 1364 illuc
1067 1325 1136 1363 suus

191 1389 210 1444 6
232 1388 408 1446 contraxisse
423 1389 530 1463 copias.
573 1387 666 1444 Mutat
691 1387 853 1454 consilium,
869 1396 907 1454 et,
922 1387 1058 1461 quoniam
1084 1386 1133 1441 im-

231 1467 387 1542 prudentes
400 1464 506 1523 adoriri
520 1485 577 1523 non
591 1476 693 1541 posset,
713 1466 801 1521 flectit
821 1465 876 1521 iter
889 1483 984 1532 suum,
999 1476 1029 1520 et
1052 1464 1134 1519 illum

232 1544 397 1602 anfractum
418 1544 576 1621 longiorem
601 1545 722 1619 copiosae
744 1543 800 1600 viae
823 1543 909 1618 capit,
934 1543 1032 1617 ibique
1059 1542 1134 1598 diem

231 1641 323 1680 unum
337 1625 485 1698 opperitur
505 1622 541 1680 ad
561 1622 758 1680 lassitudinem
780 1620 936 1678 sedandam
951 1622 1077 1677 militum
1101 1639 1136 1677 ac

232 1701 388 1758 reficienda
399 1701 540 1776 jumenta,
556 1720 613 1778 quo
627 1701 781 1776 integriore
796 1701 925 1758 exercitu
940 1699 1119 1756 decerneret.

194 1782 210 1835 1
273 1778 310 1836 X.
333 1779 392 1836 Hie
407 1779 556 1838 Eumenes
569 1779 708 1836 callidum
729 1779 930 1854 imperatorem
952 1778 1022 1835 vicit
1044 1779 1134 1852 consi·

232 1855 279 1925 lio,
292 1857 528 1933 celeritatemque
540 1857 687 1932 impedivit
698 1857 780 1932 ejus3
796 1875 890 1931 neque
905 1867 1000 1914 tamen
1011 1857 1134 1912 multum

192 1937 212 1991 2
232 1933 362 2012 profecit.
405 1935 483 1992 Nam
504 1935 612 1992 invidia
626 1935 744 2004 ducum,
758 1953 825 1992 cnm
847 1936 952 2010 quibus
965 1945 1036 2003 erat,
1053 1934 1134 2009 perfi-

232 2013 336 2088 diaque
353 2011 542 2072 Macedonum
558 2024 768 2082 veteranorum,
784 2032 873 2088 quum
888 2014 1019 2089 superior
1035 2013 1135 2089 proelio

232 2089 418 2159 discessisset,
434 2092 580 2168 Antigono
594 2102 637 2149 est
650 2091 771 2160 deditus,
787 2111 876 2166 quum
892 2093 1037 2148 exercitus
1052 2092 1079 2148 ei
1093 2103 1136 2148 ter

233 2178 299 2228 ante
313 2171 453 2243 separatis
467 2171 642 2244 temporibus
654 2170 789 2245 jurasset,
810 2190 841 2227 se
856 2189 923 2226 eum
938 2169 1134 2238 defensurum,

233 2265 288 2304 nec
303 2265 442 2322 umquam
456 2248 648 2305 deserturum.
692 2248 747 2305 Sed
770 2258 849 2305 tanta
864 2247 917 2305 fuit
932 2249 1135 2305 nonnullorum

233 2326 348 2383 virtutis
369 2326 546 2395 obtrectatio,
575 2337 607 2383 ut
629 2325 714 2382 fidem
740 2327 870 2384 amittere
895 2328 1022 2395 mallent,
1048 2345 1135 2402 quam

193 2405 212 2460 3
233 2423 300 2462 eum
325 2422 381 2460 non
406 2404 535 2480 prodere.
579 2405 677 2480 Atque
697 2405 776 2461 buno
798 2405 971 2482 Antigonus,
996 2424 1087 2481 quum
1109 2406 1136 2461 ei

233 2481 334 2541 fuisset
348 2481 558 2552 infestissimus,
573 2493 780 2552 conservasset,
796 2485 820 2539 si
841 2502 891 2560 per
905 2503 971 2541 suos
986 2495 1060 2542 esset
1074 2484 1134 2540 lici-

232 2571 304 2630 tum,
318 2562 394 2637 quod
420 2561 456 2618 ab
470 2561 550 2618 nullo
564 2581 595 2618 se
616 2562 681 2636 plus
696 2562 830 2635 adjuvari
854 2581 935 2637 posse
959 2562 1136 2639 intelligebat

232 2638 263 2696 in
283 2641 329 2697 his
350 2642 445 2710 rebus,
460 2659 535 2715 quas
554 2640 719 2716 impendere
740 2640 803 2715 jam
818 2641 971 2716 apparebat
994 2641 1135 2697 omnibus.

233 2717 424 2777 Imminebant
447 2720 523 2776 enim
548 2717 699 2787 Seleucus,
725 2717 930 2793 Lysimachus,
956 2719 1135 2788 Ptolemaeus,

232 2797 334 2871 opibus
355 2797 416 2871 jam
441 2797 579 2866 valentes,
595 2815 664 2853 cum
688 2797 793 2870 quibus
808 2798 834 2853 ei
856 2795 890 2852 de
915 2798 1036 2853 summis
1051 2798 1137 2854 rebus

193 2875 295 2930 derat
319 2874 526 2932 dimicandum.
569 2874 626 2932 Sed
651 2893 707 2931 non
731 2875 807 2950 passi
831 2884 899 2932 sunt
921 2876 959 2945 hi,
984 2876 1035 2950 qui
1057 2877 1137 2933 circa

233 2961 332 3008 erant:
354 2952 429 3026 quod
444 2953 587 3021 videbant,
602 2951 736 3010 Eumene
750 2964 872 3028 recepto,
888 2973 987 3010 omnes
1008 2972 1068 3029 prae
1088 2954 1138 3010 illo

233 3031 316 3106 parvi
331 3028 452 3088 futuros.
494 3030 558 3107 Ipse
574 3040 670 3088 autem
686 3033 851 3108 Antigonus
872 3031 943 3088 adeo
957 3043 1020 3088 erat
1040 3033 1137 3089 incen-

233 3125 291 3178 sus,
307 3118 347 3180 ut,
362 3109 417 3166 nisi
442 3129 548 3187 magna
562 3129 612 3186 spe
634 3110 827 3168 maximarum
850 3128 957 3179 rerum,
973 3110 1057 3167 leniri
1081 3129 1137 3168 non

269 3197 337 3244 sset.

194 3267 211 3322 1
233 3205 326 3321 poXI·
349 3263 449 3339 Itaque
463 3285 554 3340 quum
568 3285 636 3324 eum
657 3267 687 3324 in
701 3266 860 3324 custodiam
876 3265 1009 3337 dedisset,
1024 3276 1053 3324 et
1067 3285 1137 3342 prae-

157 3337 160 3348 '
233 3340 328 3399 fectus
341 3343 493 3399 custodum
519 3346 676 3419 quaesisset,
692 3345 933 3418 quemadmodum
954 3346 1065 3402 servari
1081 3346 1138 3402 vel-

232 3419 295 3478 leti
316 3429 347 3477 ut
364 3423 536 3490 acuminum,
552 3424 653 3497 inquit,
669 3423 780 3492 lemnam,
794 3432 844 3479 aut
855 3421 1066 3498 ferocissimam
1087 3425 1138 3481 cle·
1193 3443 1196 3450 ¹

229 3499 374 3574 pitacium.
417 3498 554 3558 Nondum
579 3502 657 3557 enim
684 3509 831 3570 statuerat,
854 3511 1040 3559 conservaret
1061 3519 1138 3570 eum,

193 3579 213 3633 2
234 3595 288 3633 nec
299 3595 346 3634 ne.
378 3575 521 3633 Veniebat
536 3588 634 3634 autem
649 3577 685 3632 ad
700 3577 863 3635 Eumenem
879 3590 1033 3654 utrumque
1047 3598 1140 3656 genus

234 3653 400 3709 hominum:
422 3654 513 3726 etqui
531 3663 645 3728 propter
658 3653 755 3710 odium
772 3655 900 3712 fructum
913 3657 1006 3714 oculis
1020 3676 1057 3713 ex
1077 3657 1140 3733 ejus
1158 3658 1162 3666 ’

234 3747 307 3788 casu
327 3747 433 3806 capere
448 3729 565 3798 vellent,
580 3738 609 3786 et
629 3729 679 3802 qui
704 3742 819 3805 propter
832 3743 957 3791 veterem
983 3735 1140 3792 amicitiam
