<?xml version="1.0" encoding="UTF-8"?>
<!DOCTYPE html PUBLIC "-//W3C//DTD XHTML 1.0 Transitional//EN"
    "http://www.w3.org/TR/xhtml1/DTD/xhtml1-transitional.dtd">
<html xmlns="http://www.w3.org/1999/xhtml" xml:lang="en" lang="en">
 <head>
  <title>
</title>
<meta http-equiv="Content-Type" content="text/html;charset=utf-8" />
  <meta name='ocr-system' content='tesseract 3.04.00' />
  <meta name='ocr-capabilities' content='ocr_page ocr_carea ocr_par ocr_line ocrx_word'/>
</head>
<body>
  <div class='ocr_page' id='page_1' title='image "./corneliusneposw09nepogoog_0109.png"; bbox 0 0 2710 4300; ppageno 0'>
   <div class='ocr_carea' id='block_1_1' title="bbox 245 422 1036 508">
    <p class='ocr_par' dir='ltr' id='par_1_1' title="bbox 245 422 1036 508">
     <span class='ocr_line' id='line_1_1' title="bbox 245 422 1036 508; baseline -0.004 -18"><span class='ocrx_word' id='word_1_1' title='bbox 245 433 304 492; x_wconf 88' lang='grc'><strong>104</strong></span> <span class='ocrx_word' id='word_1_2' title='bbox 357 425 464 491; x_wconf 90' lang='lat' dir='ltr'>XXV.</span> <span class='ocrx_word' id='word_1_3' title='bbox 513 434 559 490; x_wconf 84' lang='lat' dir='ltr'><strong>ta.</strong></span> <span class='ocrx_word' id='word_1_4' title='bbox 590 422 658 508; x_wconf 70' lang='grc' dir='ltr'><strong>’(Τ.</strong></span> <span class='ocrx_word' id='word_1_5' title='bbox 674 424 872 507; x_wconf 74' lang='lat' dir='ltr'><em>Pomponius</em></span> <span class='ocrx_word' id='word_1_6' title='bbox 886 425 1036 508; x_wconf 81' lang='lat' dir='ltr'><strong>Atticus.)</strong></span> 
     </span>
    </p>
   </div>
   <div class='ocr_carea' id='block_1_2' title="bbox 171 577 1151 3871">
    <p class='ocr_par' dir='ltr' id='par_1_2' title="bbox 171 577 1151 2068">
     <span class='ocr_line' id='line_1_2' title="bbox 240 577 1150 656; baseline -0.002 -18"><span class='ocrx_word' id='word_1_7' title='bbox 240 580 324 638; x_wconf 87' lang='lat' dir='ltr'><strong>liator</strong></span> <span class='ocrx_word' id='word_1_8' title='bbox 339 579 392 638; x_wconf 92' lang='lat' dir='ltr'><strong>fuit</strong></span> <span class='ocrx_word' id='word_1_9' title='bbox 406 579 477 656; x_wconf 82' lang='lat' dir='ltr'><strong>(non</strong></span> <span class='ocrx_word' id='word_1_10' title='bbox 491 589 535 638; x_wconf 87' lang='lat' dir='ltr'><strong>est</strong></span> <span class='ocrx_word' id='word_1_11' title='bbox 549 580 626 637; x_wconf 91' lang='lat' dir='ltr'><strong>enirn</strong></span> <span class='ocrx_word' id='word_1_12' title='bbox 636 577 804 656; x_wconf 85' lang='lat' dir='ltr'><strong>celandum)</strong></span> <span class='ocrx_word' id='word_1_13' title='bbox 820 578 861 635; x_wconf 90' lang='lat' dir='ltr'><strong>M.</strong></span> <span class='ocrx_word' id='word_1_14' title='bbox 879 579 1150 648; x_wconf 60' lang='lat' dir='ltr'><strong>Antonius-trium-</strong></span> 
     </span>
     <span class='ocr_line' id='line_1_3' title="bbox 241 658 1151 734; baseline -0.001 -18"><span class='ocrx_word' id='word_1_15' title='bbox 241 660 289 716; x_wconf 88' lang='lat' dir='ltr'><strong>vir</strong></span> <span class='ocrx_word' id='word_1_16' title='bbox 303 660 471 734; x_wconf 80' lang='lat' dir='ltr'><strong>reipublieae</strong></span> <span class='ocrx_word' id='word_1_17' title='bbox 481 658 705 716; x_wconf 71' lang='lat' dir='ltr'><strong>constituenda:</strong></span> <span class='ocrx_word' id='word_1_18' title='bbox 727 658 814 732; x_wconf 89' lang='lat' dir='ltr'><strong>cujus</strong></span> <span class='ocrx_word' id='word_1_19' title='bbox 827 658 922 734; x_wconf 86' lang='lat' dir='ltr'><strong>gratia</strong></span> <span class='ocrx_word' id='word_1_20' title='bbox 935 676 1026 732; x_wconf 93' lang='lat' dir='ltr'><strong>quum</strong></span> <span class='ocrx_word' id='word_1_21' title='bbox 1042 677 1151 734; x_wconf 87' lang='lat' dir='ltr'><strong>augere</strong></span> 
     </span>
     <span class='ocr_line' id='line_1_4' title="bbox 240 735 1150 814; baseline 0 -19"><span class='ocrx_word' id='word_1_22' title='bbox 240 739 432 814; x_wconf 87' lang='lat' dir='ltr'><strong>possessiones</strong></span> <span class='ocrx_word' id='word_1_23' title='bbox 456 747 550 812; x_wconf 87' lang='lat' dir='ltr'><strong>posset</strong></span> <span class='ocrx_word' id='word_1_24' title='bbox 571 755 648 806; x_wconf 85' lang='lat' dir='ltr'><strong>suas,</strong></span> <span class='ocrx_word' id='word_1_25' title='bbox 664 739 775 794; x_wconf 84' lang='lat' dir='ltr'><strong>tantum</strong></span> <span class='ocrx_word' id='word_1_26' title='bbox 791 735 883 792; x_wconf 88' lang='lat' dir='ltr'><strong>abfuit</strong></span> <span class='ocrx_word' id='word_1_27' title='bbox 898 737 1086 812; x_wconf 87' lang='lat' dir='ltr'><strong>acupiditate</strong></span> <span class='ocrx_word' id='word_1_28' title='bbox 1101 756 1150 812; x_wconf 89' lang='lat' dir='ltr'><strong>pe·</strong></span> 
     </span>
     <span class='ocr_line' id='line_1_5' title="bbox 239 814 1151 890; baseline 0 -18"><span class='ocrx_word' id='word_1_29' title='bbox 239 817 343 884; x_wconf 87' lang='lat' dir='ltr'><strong>cuniae,</strong></span> <span class='ocrx_word' id='word_1_30' title='bbox 361 825 391 872; x_wconf 91' lang='lat' dir='ltr'><strong>ut</strong></span> <span class='ocrx_word' id='word_1_31' title='bbox 414 815 495 872; x_wconf 90' lang='lat' dir='ltr'><strong>nulla</strong></span> <span class='ocrx_word' id='word_1_32' title='bbox 519 817 549 872; x_wconf 90' lang='lat' dir='ltr'><strong>in</strong></span> <span class='ocrx_word' id='word_1_33' title='bbox 570 834 601 871; x_wconf 93' lang='lat' dir='ltr'><strong>re</strong></span> <span class='ocrx_word' id='word_1_34' title='bbox 617 833 688 884; x_wconf 86' lang='lat' dir='ltr'><strong>usus</strong></span> <span class='ocrx_word' id='word_1_35' title='bbox 708 816 745 872; x_wconf 89' lang='lat' dir='ltr'><strong>sit</strong></span> <span class='ocrx_word' id='word_1_36' title='bbox 767 833 812 882; x_wconf 86' lang='lat' dir='ltr'><strong>ea,</strong></span> <span class='ocrx_word' id='word_1_37' title='bbox 827 815 885 881; x_wconf 30' lang='lat' dir='ltr'><strong>nisi,</strong></span> <span class='ocrx_word' id='word_1_38' title='bbox 906 814 935 870; x_wconf 92' lang='lat' dir='ltr'><strong>in</strong></span> <span class='ocrx_word' id='word_1_39' title='bbox 960 814 1151 890; x_wconf 83' lang='lat' dir='ltr'><strong>deprecandis</strong></span> 
     </span>
     <span class='ocr_line' id='line_1_6' title="bbox 171 893 1148 970; baseline -0.002 -18"><span class='ocrx_word' id='word_1_40' title='bbox 171 961 174 967; x_wconf 25' lang='lat'>¹</span> <span class='ocrx_word' id='word_1_41' title='bbox 201 898 221 952; x_wconf 81' lang='grc'>3</span> <span class='ocrx_word' id='word_1_42' title='bbox 243 896 402 952; x_wconf 87' lang='lat' dir='ltr'><strong>amicorum</strong></span> <span class='ocrx_word' id='word_1_43' title='bbox 424 905 475 952; x_wconf 88' lang='lat' dir='ltr'><strong>aut</strong></span> <span class='ocrx_word' id='word_1_44' title='bbox 500 894 648 970; x_wconf 84' lang='lat' dir='ltr'><strong>periculis,</strong></span> <span class='ocrx_word' id='word_1_45' title='bbox 670 904 720 950; x_wconf 88' lang='lat' dir='ltr'><strong>aut</strong></span> <span class='ocrx_word' id='word_1_46' title='bbox 740 893 937 950; x_wconf 85' lang='lat' dir='ltr'><strong>incommodis.</strong></span> <span class='ocrx_word' id='word_1_47' title='bbox 980 893 1065 957; x_wconf 78' lang='lat' dir='ltr'><strong>Quod</strong></span> <span class='ocrx_word' id='word_1_48' title='bbox 1085 895 1148 969; x_wconf 88' lang='lat' dir='ltr'><strong>qui-</strong></span> 
     </span>
     <span class='ocr_line' id='line_1_7' title="bbox 240 970 1150 1048; baseline 0 -20"><span class='ocrx_word' id='word_1_49' title='bbox 240 972 305 1029; x_wconf 91' lang='lat' dir='ltr'><strong>dem</strong></span> <span class='ocrx_word' id='word_1_50' title='bbox 320 973 375 1030; x_wconf 88' lang='lat' dir='ltr'><strong>sub</strong></span> <span class='ocrx_word' id='word_1_51' title='bbox 389 974 450 1047; x_wconf 88' lang='lat' dir='ltr'><strong>ipsa</strong></span> <span class='ocrx_word' id='word_1_52' title='bbox 468 973 673 1048; x_wconf 86' lang='lat' dir='ltr'><strong>proscriptione</strong></span> <span class='ocrx_word' id='word_1_53' title='bbox 689 972 853 1048; x_wconf 82' lang='lat' dir='ltr'>perillustre</span> <span class='ocrx_word' id='word_1_54' title='bbox 869 970 933 1028; x_wconf 87' lang='lat' dir='ltr'><strong>fuit.</strong></span> <span class='ocrx_word' id='word_1_55' title='bbox 967 971 1045 1028; x_wconf 90' lang='lat' dir='ltr'><strong>Nam</strong></span> <span class='ocrx_word' id='word_1_56' title='bbox 1054 990 1150 1047; x_wconf 89' lang='lat' dir='ltr'><strong>quum</strong></span> 
     </span>
     <span class='ocr_line' id='line_1_8' title="bbox 240 1049 1150 1127; baseline -0.002 -17"><span class='ocrx_word' id='word_1_57' title='bbox 240 1049 278 1110; x_wconf 86' lang='lat' dir='ltr'><strong>L.</strong></span> <span class='ocrx_word' id='word_1_58' title='bbox 294 1050 416 1120; x_wconf 78' lang='lat' dir='ltr'>Saufeii,</span> <span class='ocrx_word' id='word_1_59' title='bbox 432 1052 536 1127; x_wconf 89' lang='lat' dir='ltr'><strong>equitis</strong></span> <span class='ocrx_word' id='word_1_60' title='bbox 550 1051 683 1120; x_wconf 86' lang='lat' dir='ltr'><strong>Romani,</strong></span> <span class='ocrx_word' id='word_1_61' title='bbox 699 1050 820 1125; x_wconf 75' lang='lat' dir='ltr'><strong>[equalis</strong></span> <span class='ocrx_word' id='word_1_62' title='bbox 841 1050 896 1118; x_wconf 89' lang='lat' dir='ltr'><strong>sui,</strong></span> <span class='ocrx_word' id='word_1_63' title='bbox 912 1051 962 1124; x_wconf 93' lang='lat' dir='ltr'><strong>qui</strong></span> <span class='ocrx_word' id='word_1_64' title='bbox 984 1050 1150 1126; x_wconf 82' lang='lat' dir='ltr'><strong>complures</strong></span> 
     </span>
     <span class='ocr_line' id='line_1_9' title="bbox 241 1128 1148 1204; baseline -0.002 -18"><span class='ocrx_word' id='word_1_65' title='bbox 241 1148 340 1199; x_wconf 89' lang='lat' dir='ltr'><strong>annos,</strong></span> <span class='ocrx_word' id='word_1_66' title='bbox 369 1129 462 1187; x_wconf 90' lang='lat' dir='ltr'><strong>studio</strong></span> <span class='ocrx_word' id='word_1_67' title='bbox 488 1129 592 1186; x_wconf 90' lang='lat' dir='ltr'><strong>ductus</strong></span> <span class='ocrx_word' id='word_1_68' title='bbox 619 1129 812 1204; x_wconf 83' lang='lat' dir='ltr'><strong>philosophiae,</strong></span> <span class='ocrx_word' id='word_1_69' title='bbox 838 1128 962 1185; x_wconf 78' lang='lat' dir='ltr'><strong>Athenis</strong></span> <span class='ocrx_word' id='word_1_70' title='bbox 989 1129 1148 1196; x_wconf 77' lang='lat' dir='ltr'>habitabat,</span> 
     </span>
     <span class='ocr_line' id='line_1_10' title="bbox 240 1207 1149 1284; baseline 0 -20"><span class='ocrx_word' id='word_1_71' title='bbox 240 1207 421 1284; x_wconf 82' lang='lat' dir='ltr'><strong>habebatque</strong></span> <span class='ocrx_word' id='word_1_72' title='bbox 448 1209 477 1264; x_wconf 89' lang='lat' dir='ltr'><strong>in</strong></span> <span class='ocrx_word' id='word_1_73' title='bbox 500 1207 585 1266; x_wconf 90' lang='lat' dir='ltr'><strong>ltalia</strong></span> <span class='ocrx_word' id='word_1_74' title='bbox 607 1208 745 1282; x_wconf 90' lang='lat' dir='ltr'><strong>pretiosas</strong></span> <span class='ocrx_word' id='word_1_75' title='bbox 772 1207 972 1282; x_wconf 86' lang='lat' dir='ltr'><strong>possessiones,</strong></span> <span class='ocrx_word' id='word_1_76' title='bbox 1002 1209 1149 1264; x_wconf 88' lang='lat' dir='ltr'><strong>triumviri</strong></span> 
     </span>
     <span class='ocr_line' id='line_1_11' title="bbox 242 1285 1148 1362; baseline -0.001 -18"><span class='ocrx_word' id='word_1_77' title='bbox 242 1286 314 1344; x_wconf 90' lang='lat' dir='ltr'><strong>bona</strong></span> <span class='ocrx_word' id='word_1_78' title='bbox 328 1285 520 1344; x_wconf 82' lang='lat' dir='ltr'><strong>vendidissent</strong></span> <span class='ocrx_word' id='word_1_79' title='bbox 544 1285 751 1344; x_wconf 86' lang='lat' dir='ltr'><strong>consuetudine</strong></span> <span class='ocrx_word' id='word_1_80' title='bbox 772 1303 817 1354; x_wconf 89' lang='lat' dir='ltr'><strong>ea,</strong></span> <span class='ocrx_word' id='word_1_81' title='bbox 832 1303 891 1359; x_wconf 90' lang='lat' dir='ltr'><strong>qua</strong></span> <span class='ocrx_word' id='word_1_82' title='bbox 915 1295 976 1341; x_wconf 89' lang='lat' dir='ltr'><strong>tum</strong></span> <span class='ocrx_word' id='word_1_83' title='bbox 995 1304 1045 1342; x_wconf 88' lang='lat' dir='ltr'><strong>res</strong></span> <span class='ocrx_word' id='word_1_84' title='bbox 1065 1305 1148 1362; x_wconf 83' lang='lat' dir='ltr'><strong>gere-</strong></span> 
     </span>
     <span class='ocr_line' id='line_1_12' title="bbox 239 1362 1149 1438; baseline 0.002 -18"><span class='ocrx_word' id='word_1_85' title='bbox 239 1365 358 1423; x_wconf 79' lang='lat' dir='ltr'><strong>bantur:</strong></span> <span class='ocrx_word' id='word_1_86' title='bbox 391 1365 482 1422; x_wconf 88' lang='lat' dir='ltr'><strong>Attici</strong></span> <span class='ocrx_word' id='word_1_87' title='bbox 507 1365 604 1422; x_wconf 91' lang='lat' dir='ltr'><strong>labore</strong></span> <span class='ocrx_word' id='word_1_88' title='bbox 628 1374 713 1438; x_wconf 83' lang='lat' dir='ltr'><strong>atque</strong></span> <span class='ocrx_word' id='word_1_89' title='bbox 741 1363 881 1420; x_wconf 87' lang='lat' dir='ltr'><strong>industria</strong></span> <span class='ocrx_word' id='word_1_90' title='bbox 907 1362 1015 1420; x_wconf 86' lang='lat' dir='ltr'><strong>factum</strong></span> <span class='ocrx_word' id='word_1_91' title='bbox 1040 1375 1092 1434; x_wconf 88' lang='lat' dir='ltr'><strong>est,</strong></span> <span class='ocrx_word' id='word_1_92' title='bbox 1117 1375 1149 1424; x_wconf 88' lang='lat' dir='ltr'><strong>ut</strong></span> 
     </span>
     <span class='ocr_line' id='line_1_13' title="bbox 239 1442 1148 1518; baseline 0 -18"><span class='ocrx_word' id='word_1_93' title='bbox 239 1443 338 1500; x_wconf 86' lang='lat' dir='ltr'><strong>eodem</strong></span> <span class='ocrx_word' id='word_1_94' title='bbox 364 1444 463 1500; x_wconf 90' lang='lat' dir='ltr'><strong>nuntio</strong></span> <span class='ocrx_word' id='word_1_95' title='bbox 485 1442 623 1500; x_wconf 84' lang='lat' dir='ltr'><strong>Saufeius</strong></span> <span class='ocrx_word' id='word_1_96' title='bbox 646 1443 728 1499; x_wconf 85' lang='lat' dir='ltr'><strong>lieret</strong></span> <span class='ocrx_word' id='word_1_97' title='bbox 752 1443 866 1511; x_wconf 86' lang='lat' dir='ltr'><strong>certior,</strong></span> <span class='ocrx_word' id='word_1_98' title='bbox 890 1461 922 1498; x_wconf 86' lang='lat' dir='ltr'><strong>aa</strong></span> <span class='ocrx_word' id='word_1_99' title='bbox 942 1444 1148 1518; x_wconf 77' lang='lat' dir='ltr'><strong>patrimonium</strong></span> 
     </span>
     <span class='ocr_line' id='line_1_14' title="bbox 201 1519 1147 1598; baseline 0 -20"><span class='ocrx_word' id='word_1_100' title='bbox 201 1523 370 1580; x_wconf 69' lang='lat' dir='ltr'><strong>demisisse</strong></span> <span class='ocrx_word' id='word_1_101' title='bbox 397 1531 426 1578; x_wconf 89' lang='lat' dir='ltr'><strong>et</strong></span> <span class='ocrx_word' id='word_1_102' title='bbox 451 1540 649 1598; x_wconf 87' lang='lat' dir='ltr'><strong>recuperasse.</strong></span> <span class='ocrx_word' id='word_1_103' title='bbox 691 1519 770 1578; x_wconf 88' lang='lat' dir='ltr'><strong>Idem</strong></span> <span class='ocrx_word' id='word_1_104' title='bbox 798 1519 835 1578; x_wconf 86' lang='lat' dir='ltr'><strong>L.</strong></span> <span class='ocrx_word' id='word_1_105' title='bbox 864 1519 976 1579; x_wconf 88' lang='lat' dir='ltr'><strong>Julium</strong></span> <span class='ocrx_word' id='word_1_106' title='bbox 1001 1521 1147 1591; x_wconf 85' lang='lat' dir='ltr'><strong>Calidum,</strong></span> 
     </span>
     <span class='ocr_line' id='line_1_15' title="bbox 238 1599 1147 1676; baseline 0.001 -20"><span class='ocrx_word' id='word_1_107' title='bbox 238 1619 326 1674; x_wconf 91' lang='lat' dir='ltr'><strong>quern</strong></span> <span class='ocrx_word' id='word_1_108' title='bbox 341 1609 401 1676; x_wconf 87' lang='lat' dir='ltr'><strong>pest</strong></span> <span class='ocrx_word' id='word_1_109' title='bbox 422 1600 554 1658; x_wconf 88' lang='lat' dir='ltr'><strong>Lucretii</strong></span> <span class='ocrx_word' id='word_1_110' title='bbox 576 1599 741 1674; x_wconf 85' lang='lat' dir='ltr'><strong>Catullique</strong></span> <span class='ocrx_word' id='word_1_111' title='bbox 756 1609 875 1657; x_wconf 86' lang='lat' dir='ltr'><strong>mortem</strong></span> <span class='ocrx_word' id='word_1_112' title='bbox 890 1599 980 1656; x_wconf 88' lang='lat' dir='ltr'><strong>multo</strong></span> <span class='ocrx_word' id='word_1_113' title='bbox 994 1600 1147 1676; x_wconf 86' lang='lat' dir='ltr'><strong>elegantis-</strong></span> 
     </span>
     <span class='ocr_line' id='line_1_16' title="bbox 239 1677 1147 1754; baseline 0.003 -20"><span class='ocrx_word' id='word_1_114' title='bbox 239 1679 344 1736; x_wconf 88' lang='lat' dir='ltr'><strong>simum</strong></span> <span class='ocrx_word' id='word_1_115' title='bbox 360 1685 470 1754; x_wconf 78' lang='lat' dir='ltr'><strong>poetam</strong></span> <span class='ocrx_word' id='word_1_116' title='bbox 484 1689 611 1736; x_wconf 89' lang='lat' dir='ltr'><strong>nostram</strong></span> <span class='ocrx_word' id='word_1_117' title='bbox 626 1678 725 1736; x_wconf 84' lang='lat' dir='ltr'><strong>tulisse</strong></span> <span class='ocrx_word' id='word_1_118' title='bbox 741 1687 853 1736; x_wconf 82' lang='lat' dir='ltr'><strong>aetatem</strong></span> <span class='ocrx_word' id='word_1_119' title='bbox 868 1695 936 1734; x_wconf 86' lang='lat' dir='ltr'><strong>vere</strong></span> <span class='ocrx_word' id='word_1_120' title='bbox 951 1678 1050 1744; x_wconf 77' lang='lat' dir='ltr'><strong>videor</strong></span> <span class='ocrx_word' id='word_1_121' title='bbox 1065 1677 1147 1754; x_wconf 80' lang='lat' dir='ltr'><strong>posse</strong></span> 
     </span>
     <span class='ocr_line' id='line_1_17' title="bbox 239 1757 1147 1833; baseline 0.001 -20"><span class='ocrx_word' id='word_1_122' title='bbox 239 1758 419 1825; x_wconf 88' lang='lat' dir='ltr'><strong>contendere,</strong></span> <span class='ocrx_word' id='word_1_123' title='bbox 435 1777 529 1832; x_wconf 89' lang='lat' dir='ltr'><strong>neque</strong></span> <span class='ocrx_word' id='word_1_124' title='bbox 550 1759 646 1814; x_wconf 89' lang='lat' dir='ltr'><strong>minus</strong></span> <span class='ocrx_word' id='word_1_125' title='bbox 660 1757 755 1816; x_wconf 90' lang='lat' dir='ltr'><strong>virum</strong></span> <span class='ocrx_word' id='word_1_126' title='bbox 780 1757 886 1814; x_wconf 92' lang='lat' dir='ltr'><strong>bonum</strong></span> <span class='ocrx_word' id='word_1_127' title='bbox 909 1757 1079 1833; x_wconf 88' lang='lat' dir='ltr'><strong>optimisque</strong></span> <span class='ocrx_word' id='word_1_128' title='bbox 1102 1776 1147 1814; x_wconf 85' lang='lat' dir='ltr'><strong>er-</strong></span> 
     </span>
     <span class='ocr_line' id='line_1_18' title="bbox 239 1834 1148 1912; baseline 0.001 -20"><span class='ocrx_word' id='word_1_129' title='bbox 239 1835 316 1892; x_wconf 90' lang='lat' dir='ltr'><strong>tibus</strong></span> <span class='ocrx_word' id='word_1_130' title='bbox 343 1834 496 1904; x_wconf 87' lang='lat' dir='ltr'><strong>eruditum,</strong></span> <span class='ocrx_word' id='word_1_131' title='bbox 525 1846 592 1912; x_wconf 88' lang='lat' dir='ltr'><strong>post</strong></span> <span class='ocrx_word' id='word_1_132' title='bbox 614 1836 849 1912; x_wconf 88' lang='lat' dir='ltr'><strong>prescriptionem</strong></span> <span class='ocrx_word' id='word_1_133' title='bbox 878 1835 1008 1910; x_wconf 90' lang='lat' dir='ltr'><strong>equitum</strong></span> <span class='ocrx_word' id='word_1_134' title='bbox 1033 1847 1148 1911; x_wconf 91' lang='lat' dir='ltr'><strong>propter</strong></span> 
     </span>
     <span class='ocr_line' id='line_1_19' title="bbox 239 1913 1147 1990; baseline 0.004 -22"><span class='ocrx_word' id='word_1_135' title='bbox 239 1931 362 1990; x_wconf 85' lang='lat' dir='ltr'><strong>magnas</strong></span> <span class='ocrx_word' id='word_1_136' title='bbox 387 1915 451 1989; x_wconf 88' lang='lat' dir='ltr'><strong>ejus</strong></span> <span class='ocrx_word' id='word_1_137' title='bbox 473 1913 630 1972; x_wconf 86' lang='lat' dir='ltr'><strong>Africanas</strong></span> <span class='ocrx_word' id='word_1_138' title='bbox 654 1915 845 1990; x_wconf 88' lang='lat' dir='ltr'><strong>possessiones</strong></span> <span class='ocrx_word' id='word_1_139' title='bbox 868 1915 897 1970; x_wconf 89' lang='lat' dir='ltr'><strong>in</strong></span> <span class='ocrx_word' id='word_1_140' title='bbox 922 1915 1147 1990; x_wconf 91' lang='lat' dir='ltr'><strong>proscriptorum</strong></span> 
     </span>
     <span class='ocr_line' id='line_1_20' title="bbox 239 1991 1146 2068; baseline 0.002 -21"><span class='ocrx_word' id='word_1_141' title='bbox 239 2009 394 2049; x_wconf 90' lang='lat' dir='ltr'><strong>numerum</strong></span> <span class='ocrx_word' id='word_1_142' title='bbox 416 2012 434 2049; x_wconf 90' lang='lat' dir='ltr'><strong>a</strong></span> <span class='ocrx_word' id='word_1_143' title='bbox 462 1993 493 2050; x_wconf 94' lang='lat' dir='ltr'><strong>P.</strong></span> <span class='ocrx_word' id='word_1_144' title='bbox 521 1993 686 2062; x_wconf 88' lang='lat' dir='ltr'><strong>Volumnio,</strong></span> <span class='ocrx_word' id='word_1_145' title='bbox 709 1991 844 2068; x_wconf 85' lang='lat' dir='ltr'><strong>praefecto</strong></span> <span class='ocrx_word' id='word_1_146' title='bbox 873 1991 987 2048; x_wconf 84' lang='lat' dir='ltr'><strong>fabrum</strong></span> <span class='ocrx_word' id='word_1_147' title='bbox 1016 1995 1146 2063; x_wconf 86' lang='lat' dir='ltr'><strong>Antonii,</strong></span> 
     </span>
    </p>

    <p class='ocr_par' dir='ltr' id='par_1_3' title="bbox 199 2070 1148 2382">
     <span class='ocr_line' id='line_1_21' title="bbox 199 2070 1147 2148; baseline 0.003 -23"><span class='ocrx_word' id='word_1_148' title='bbox 199 2072 219 2125; x_wconf 83' lang='lat'><strong>5</strong></span> <span class='ocrx_word' id='word_1_149' title='bbox 240 2070 387 2127; x_wconf 87' lang='lat' dir='ltr'><strong>absentem</strong></span> <span class='ocrx_word' id='word_1_150' title='bbox 401 2071 534 2141; x_wconf 89' lang='lat' dir='ltr'><strong>relatum,</strong></span> <span class='ocrx_word' id='word_1_151' title='bbox 550 2072 704 2148; x_wconf 86' lang='lat' dir='ltr'><strong>expedivit.</strong></span> <span class='ocrx_word' id='word_1_152' title='bbox 754 2071 839 2136; x_wconf 81' lang='lat' dir='ltr'><strong>Quod</strong></span> <span class='ocrx_word' id='word_1_153' title='bbox 854 2071 884 2127; x_wconf 92' lang='lat' dir='ltr'><strong>in</strong></span> <span class='ocrx_word' id='word_1_154' title='bbox 900 2072 1033 2146; x_wconf 79' lang='lat' dir='ltr'><strong>praesenti</strong></span> <span class='ocrx_word' id='word_1_155' title='bbox 1048 2081 1147 2128; x_wconf 91' lang='lat' dir='ltr'><strong>utrum</strong></span> 
     </span>
     <span class='ocr_line' id='line_1_22' title="bbox 238 2148 1146 2226; baseline 0.003 -21"><span class='ocrx_word' id='word_1_156' title='bbox 238 2149 266 2205; x_wconf 92' lang='lat' dir='ltr'><strong>ei</strong></span> <span class='ocrx_word' id='word_1_157' title='bbox 281 2149 452 2206; x_wconf 88' lang='lat' dir='ltr'><strong>laboriosius</strong></span> <span class='ocrx_word' id='word_1_158' title='bbox 466 2169 502 2206; x_wconf 90' lang='lat' dir='ltr'><strong>an</strong></span> <span class='ocrx_word' id='word_1_159' title='bbox 517 2150 669 2226; x_wconf 84' lang='lat' dir='ltr'><strong>gloriosius</strong></span> <span class='ocrx_word' id='word_1_160' title='bbox 684 2148 779 2218; x_wconf 89' lang='lat' dir='ltr'><strong>fuerit,</strong></span> <span class='ocrx_word' id='word_1_161' title='bbox 795 2149 912 2207; x_wconf 88' lang='lat' dir='ltr'><strong>difficile</strong></span> <span class='ocrx_word' id='word_1_162' title='bbox 928 2149 982 2206; x_wconf 90' lang='lat' dir='ltr'><strong>fuit</strong></span> <span class='ocrx_word' id='word_1_163' title='bbox 993 2149 1146 2224; x_wconf 82' lang='lat' dir='ltr'><strong>judicare:</strong></span> 
     </span>
     <span class='ocr_line' id='line_1_23' title="bbox 238 2227 1148 2305; baseline 0.002 -22"><span class='ocrx_word' id='word_1_164' title='bbox 238 2227 314 2302; x_wconf 91' lang='lat' dir='ltr'><strong>quod</strong></span> <span class='ocrx_word' id='word_1_165' title='bbox 329 2228 358 2283; x_wconf 91' lang='lat' dir='ltr'><strong>in</strong></span> <span class='ocrx_word' id='word_1_166' title='bbox 373 2247 472 2286; x_wconf 91' lang='lat' dir='ltr'><strong>eorum</strong></span> <span class='ocrx_word' id='word_1_167' title='bbox 487 2229 634 2304; x_wconf 88' lang='lat' dir='ltr'><strong>periculis,</strong></span> <span class='ocrx_word' id='word_1_168' title='bbox 647 2247 703 2285; x_wconf 90' lang='lat' dir='ltr'><strong>non</strong></span> <span class='ocrx_word' id='word_1_169' title='bbox 717 2247 805 2286; x_wconf 82' lang='lat' dir='ltr'><strong>senus</strong></span> <span class='ocrx_word' id='word_1_170' title='bbox 819 2228 961 2297; x_wconf 86' lang='lat' dir='ltr'><strong>absentes,</strong></span> <span class='ocrx_word' id='word_1_171' title='bbox 975 2247 1148 2305; x_wconf 83' lang='lat' dir='ltr'><strong>quamprae·</strong></span> 
     </span>
     <span class='ocr_line' id='line_1_24' title="bbox 238 2308 977 2382; baseline 0 -20"><span class='ocrx_word' id='word_1_172' title='bbox 238 2315 333 2363; x_wconf 87' lang='lat' dir='ltr'><strong>sentes</strong></span> <span class='ocrx_word' id='word_1_173' title='bbox 347 2308 455 2364; x_wconf 89' lang='lat' dir='ltr'><strong>amicos</strong></span> <span class='ocrx_word' id='word_1_174' title='bbox 469 2308 568 2366; x_wconf 83' lang='lat' dir='ltr'><strong>Attico</strong></span> <span class='ocrx_word' id='word_1_175' title='bbox 583 2327 645 2364; x_wconf 88' lang='lat' dir='ltr'><strong>esse</strong></span> <span class='ocrx_word' id='word_1_176' title='bbox 660 2325 748 2374; x_wconf 89' lang='lat' dir='ltr'><strong>curae,</strong></span> <span class='ocrx_word' id='word_1_177' title='bbox 764 2308 910 2382; x_wconf 80' lang='lat' dir='ltr'><strong>cognitum</strong></span> <span class='ocrx_word' id='word_1_178' title='bbox 925 2317 977 2364; x_wconf 86' lang='lat' dir='ltr'><strong>est.</strong></span> 
     </span>
    </p>

    <p class='ocr_par' dir='ltr' id='par_1_4' title="bbox 201 2384 1147 2698">
     <span class='ocr_line' id='line_1_25' title="bbox 201 2384 1147 2461; baseline 0.003 -20"><span class='ocrx_word' id='word_1_179' title='bbox 201 2387 216 2440; x_wconf 95' lang='lat'>1</span> <span class='ocrx_word' id='word_1_180' title='bbox 280 2384 360 2443; x_wconf 84' lang='lat' dir='ltr'><strong>XIII.</strong></span> <span class='ocrx_word' id='word_1_181' title='bbox 383 2385 489 2461; x_wconf 86' lang='lat' dir='ltr'><strong>Neque</strong></span> <span class='ocrx_word' id='word_1_182' title='bbox 504 2404 572 2443; x_wconf 88' lang='lat' dir='ltr'><strong>vero</strong></span> <span class='ocrx_word' id='word_1_183' title='bbox 586 2385 681 2442; x_wconf 89' lang='lat' dir='ltr'><strong>minus</strong></span> <span class='ocrx_word' id='word_1_184' title='bbox 702 2385 752 2442; x_wconf 90' lang='lat' dir='ltr'><strong>ille</strong></span> <span class='ocrx_word' id='word_1_185' title='bbox 768 2385 812 2441; x_wconf 89' lang='lat' dir='ltr'><strong>vir</strong></span> <span class='ocrx_word' id='word_1_186' title='bbox 831 2386 923 2442; x_wconf 91' lang='lat' dir='ltr'><strong>bonus</strong></span> <span class='ocrx_word' id='word_1_187' title='bbox 937 2384 1147 2460; x_wconf 85' lang='lat' dir='ltr'><strong>paterfamilias</strong></span> 
     </span>
     <span class='ocr_line' id='line_1_26' title="bbox 238 2458 1145 2541; baseline 0.001 -21"><span class='ocrx_word' id='word_1_188' title='bbox 238 2463 354 2522; x_wconf 88' lang='lat' dir='ltr'><strong>habitus</strong></span> <span class='ocrx_word' id='word_1_189' title='bbox 368 2474 420 2533; x_wconf 89' lang='lat' dir='ltr'><strong>est,</strong></span> <span class='ocrx_word' id='word_1_190' title='bbox 439 2483 528 2541; x_wconf 92' lang='lat' dir='ltr'><strong>quarn</strong></span> <span class='ocrx_word' id='word_1_191' title='bbox 548 2465 631 2522; x_wconf 83' lang='lat' dir='ltr'><strong>civis.</strong></span> <span class='ocrx_word' id='word_1_192' title='bbox 673 2463 753 2520; x_wconf 90' lang='lat' dir='ltr'><strong>Nam</strong></span> <span class='ocrx_word' id='word_1_193' title='bbox 767 2458 858 2539; x_wconf 80' lang='lat' dir='ltr'><strong>quuin</strong></span> <span class='ocrx_word' id='word_1_194' title='bbox 873 2473 948 2521; x_wconf 90' lang='lat' dir='ltr'><strong>esset</strong></span> <span class='ocrx_word' id='word_1_195' title='bbox 962 2466 1145 2539; x_wconf 88' lang='lat' dir='ltr'><strong>pecuniosus,</strong></span> 
     </span>
     <span class='ocr_line' id='line_1_27' title="bbox 237 2541 1146 2618; baseline 0.002 -20"><span class='ocrx_word' id='word_1_196' title='bbox 237 2561 322 2600; x_wconf 90' lang='lat' dir='ltr'><strong>nemo</strong></span> <span class='ocrx_word' id='word_1_197' title='bbox 343 2543 394 2600; x_wconf 92' lang='lat' dir='ltr'><strong>illo</strong></span> <span class='ocrx_word' id='word_1_198' title='bbox 413 2545 509 2600; x_wconf 90' lang='lat' dir='ltr'><strong>minus</strong></span> <span class='ocrx_word' id='word_1_199' title='bbox 535 2542 589 2600; x_wconf 92' lang='lat' dir='ltr'><strong>fuit</strong></span> <span class='ocrx_word' id='word_1_200' title='bbox 612 2561 706 2612; x_wconf 88' lang='lat' dir='ltr'><strong>emax,</strong></span> <span class='ocrx_word' id='word_1_201' title='bbox 722 2543 817 2598; x_wconf 89' lang='lat' dir='ltr'><strong>minus</strong></span> <span class='ocrx_word' id='word_1_202' title='bbox 831 2541 996 2600; x_wconf 88' lang='lat' dir='ltr'><strong>aedifreator.</strong></span> <span class='ocrx_word' id='word_1_203' title='bbox 1039 2543 1146 2618; x_wconf 86' lang='lat' dir='ltr'><strong>Neque</strong></span> 
     </span>
     <span class='ocr_line' id='line_1_28' title="bbox 238 2620 1146 2698; baseline 0 -20"><span class='ocrx_word' id='word_1_204' title='bbox 238 2631 334 2680; x_wconf 86' lang='lat' dir='ltr'><strong>tamen</strong></span> <span class='ocrx_word' id='word_1_205' title='bbox 349 2640 404 2679; x_wconf 95' lang='lat' dir='ltr'><strong>non</strong></span> <span class='ocrx_word' id='word_1_206' title='bbox 419 2623 449 2678; x_wconf 91' lang='lat' dir='ltr'><strong>in</strong></span> <span class='ocrx_word' id='word_1_207' title='bbox 464 2623 563 2698; x_wconf 89' lang='lat' dir='ltr'><strong>primis</strong></span> <span class='ocrx_word' id='word_1_208' title='bbox 577 2622 649 2684; x_wconf 87' lang='lat' dir='ltr'><strong>bene</strong></span> <span class='ocrx_word' id='word_1_209' title='bbox 663 2620 812 2690; x_wconf 87' lang='lat' dir='ltr'><strong>habitavit,</strong></span> <span class='ocrx_word' id='word_1_210' title='bbox 826 2620 1016 2695; x_wconf 88' lang='lat' dir='ltr'><strong>omnibusque</strong></span> <span class='ocrx_word' id='word_1_211' title='bbox 1031 2622 1146 2696; x_wconf 85' lang='lat' dir='ltr'><strong>optimis</strong></span> 
     </span>
    </p>

    <p class='ocr_par' dir='ltr' id='par_1_5' title="bbox 199 2699 1145 2764">
     <span class='ocr_line' id='line_1_29' title="bbox 199 2699 1145 2764; baseline 0.003 -10"><span class='ocrx_word' id='word_1_212' title='bbox 199 2702 218 2754; x_wconf 80' lang='lat'><strong>2</strong></span> <span class='ocrx_word' id='word_1_213' title='bbox 239 2700 327 2756; x_wconf 91' lang='lat' dir='ltr'><strong>rebus</strong></span> <span class='ocrx_word' id='word_1_214' title='bbox 341 2719 411 2757; x_wconf 85' lang='lat' dir='ltr'><strong>usus</strong></span> <span class='ocrx_word' id='word_1_215' title='bbox 426 2709 478 2758; x_wconf 85' lang='lat' dir='ltr'><strong>est.</strong></span> <span class='ocrx_word' id='word_1_216' title='bbox 520 2701 600 2758; x_wconf 89' lang='lat' dir='ltr'><strong>Nam</strong></span> <span class='ocrx_word' id='word_1_217' title='bbox 615 2699 730 2756; x_wconf 78' lang='lat' dir='ltr'><strong>domurn</strong></span> <span class='ocrx_word' id='word_1_218' title='bbox 745 2699 845 2756; x_wconf 86' lang='lat' dir='ltr'><strong>habuit</strong></span> <span class='ocrx_word' id='word_1_219' title='bbox 865 2699 895 2754; x_wconf 91' lang='lat' dir='ltr'><strong>in</strong></span> <span class='ocrx_word' id='word_1_220' title='bbox 910 2699 983 2756; x_wconf 87' lang='lat' dir='ltr'><strong>colle</strong></span> <span class='ocrx_word' id='word_1_221' title='bbox 998 2700 1145 2764; x_wconf 79' lang='lat' dir='ltr'><strong>Quirinali</strong></span> 
     </span>
    </p>

    <p class='ocr_par' dir='ltr' id='par_1_6' title="bbox 200 2777 1146 3090">
     <span class='ocr_line' id='line_1_30' title="bbox 200 2777 1146 2854; baseline 0.001 -19"><span class='ocrx_word' id='word_1_222' title='bbox 200 2825 204 2835; x_wconf 94' lang='grc'><em>,</em></span> <span class='ocrx_word' id='word_1_223' title='bbox 239 2777 475 2854; x_wconf 89' lang='lat' dir='ltr'><strong>Tamphilanam,</strong></span> <span class='ocrx_word' id='word_1_224' title='bbox 491 2779 528 2835; x_wconf 88' lang='lat' dir='ltr'><strong>ab</strong></span> <span class='ocrx_word' id='word_1_225' title='bbox 543 2779 689 2836; x_wconf 90' lang='lat' dir='ltr'><strong>avunculo</strong></span> <span class='ocrx_word' id='word_1_226' title='bbox 709 2777 867 2834; x_wconf 86' lang='lat' dir='ltr'><strong>hereditate</strong></span> <span class='ocrx_word' id='word_1_227' title='bbox 889 2777 1037 2835; x_wconf 89' lang='lat' dir='ltr'><strong>relictam:</strong></span> <span class='ocrx_word' id='word_1_228' title='bbox 1059 2779 1146 2854; x_wconf 88' lang='lat' dir='ltr'><strong>cujus</strong></span> 
     </span>
     <span class='ocr_line' id='line_1_31' title="bbox 239 2855 1145 2933; baseline 0.002 -21"><span class='ocrx_word' id='word_1_229' title='bbox 239 2857 393 2914; x_wconf 70' lang='lat' dir='ltr'><strong>amoenitas</strong></span> <span class='ocrx_word' id='word_1_230' title='bbox 406 2875 461 2914; x_wconf 90' lang='lat' dir='ltr'><strong>non</strong></span> <span class='ocrx_word' id='word_1_231' title='bbox 476 2857 605 2927; x_wconf 84' lang='lat' dir='ltr'><strong>aedifieio,</strong></span> <span class='ocrx_word' id='word_1_232' title='bbox 620 2857 669 2915; x_wconf 88' lang='lat' dir='ltr'><strong>sed</strong></span> <span class='ocrx_word' id='word_1_233' title='bbox 684 2856 758 2914; x_wconf 90' lang='lat' dir='ltr'><strong>silva</strong></span> <span class='ocrx_word' id='word_1_234' title='bbox 770 2855 927 2914; x_wconf 82' lang='lat' dir='ltr'><strong>constabat</strong></span> <span class='ocrx_word' id='word_1_235' title='bbox 959 2855 1057 2933; x_wconf 91' lang='lat' dir='ltr'><strong>Ipsum</strong></span> <span class='ocrx_word' id='word_1_236' title='bbox 1068 2859 1145 2914; x_wconf 89' lang='lat' dir='ltr'><strong>enim</strong></span> 
     </span>
     <span class='ocr_line' id='line_1_32' title="bbox 238 2934 1145 3012; baseline 0.002 -21"><span class='ocrx_word' id='word_1_237' title='bbox 238 2943 355 3004; x_wconf 86' lang='lat' dir='ltr'><strong>tectum,</strong></span> <span class='ocrx_word' id='word_1_238' title='bbox 371 2937 528 3010; x_wconf 88' lang='lat' dir='ltr'><strong>antiquitus</strong></span> <span class='ocrx_word' id='word_1_239' title='bbox 542 2937 735 3004; x_wconf 63' lang='lat' dir='ltr'><strong>consitutum,</strong></span> <span class='ocrx_word' id='word_1_240' title='bbox 746 2934 811 3010; x_wconf 88' lang='lat' dir='ltr'><strong>plus</strong></span> <span class='ocrx_word' id='word_1_241' title='bbox 825 2935 903 3002; x_wconf 86' lang='lat' dir='ltr'><strong>salis,</strong></span> <span class='ocrx_word' id='word_1_242' title='bbox 915 2953 1002 3009; x_wconf 92' lang='lat' dir='ltr'><strong>quam</strong></span> <span class='ocrx_word' id='word_1_243' title='bbox 1012 2946 1145 3012; x_wconf 88' lang='lat' dir='ltr'><strong>sumptus</strong></span> 
     </span>
     <span class='ocr_line' id='line_1_33' title="bbox 238 3013 1145 3090; baseline 0.002 -21"><span class='ocrx_word' id='word_1_244' title='bbox 238 3015 379 3071; x_wconf 84' lang='lat' dir='ltr'><strong>habebat:</strong></span> <span class='ocrx_word' id='word_1_245' title='bbox 401 3015 431 3070; x_wconf 90' lang='lat' dir='ltr'><strong>in</strong></span> <span class='ocrx_word' id='word_1_246' title='bbox 445 3033 502 3090; x_wconf 92' lang='lat' dir='ltr'><strong>quo</strong></span> <span class='ocrx_word' id='word_1_247' title='bbox 517 3013 587 3070; x_wconf 91' lang='lat' dir='ltr'><strong>nihil</strong></span> <span class='ocrx_word' id='word_1_248' title='bbox 603 3015 799 3082; x_wconf 88' lang='lat' dir='ltr'><strong>commutavit,</strong></span> <span class='ocrx_word' id='word_1_249' title='bbox 814 3013 869 3069; x_wconf 91' lang='lat' dir='ltr'><strong>nisi</strong></span> <span class='ocrx_word' id='word_1_250' title='bbox 884 3013 908 3069; x_wconf 87' lang='lat' dir='ltr'><strong>si</strong></span> <span class='ocrx_word' id='word_1_251' title='bbox 922 3013 991 3088; x_wconf 88' lang='lat' dir='ltr'><strong>quid</strong></span> <span class='ocrx_word' id='word_1_252' title='bbox 1003 3023 1145 3072; x_wconf 82' lang='lat' dir='ltr'><strong>vetustate</strong></span> 
     </span>
    </p>

    <p class='ocr_par' dir='ltr' id='par_1_7' title="bbox 199 3085 1146 3562">
     <span class='ocr_line' id='line_1_34' title="bbox 199 3085 1145 3167; baseline 0.002 -21"><span class='ocrx_word' id='word_1_253' title='bbox 199 3092 357 3150; x_wconf 86' lang='lat' dir='ltr'><strong>3coactus</strong></span> <span class='ocrx_word' id='word_1_254' title='bbox 371 3103 424 3150; x_wconf 88' lang='lat' dir='ltr'><strong>est.</strong></span> <span class='ocrx_word' id='word_1_255' title='bbox 467 3085 545 3151; x_wconf 76' lang='lat' dir='ltr'><strong>Usus</strong></span> <span class='ocrx_word' id='word_1_256' title='bbox 559 3102 602 3150; x_wconf 87' lang='lat' dir='ltr'><strong>est</strong></span> <span class='ocrx_word' id='word_1_257' title='bbox 627 3091 747 3161; x_wconf 86' lang='lat' dir='ltr'><strong>familia,</strong></span> <span class='ocrx_word' id='word_1_258' title='bbox 763 3093 787 3149; x_wconf 91' lang='lat' dir='ltr'><strong>si</strong></span> <span class='ocrx_word' id='word_1_259' title='bbox 811 3091 932 3149; x_wconf 86' lang='lat' dir='ltr'><strong>utilitate</strong></span> <span class='ocrx_word' id='word_1_260' title='bbox 953 3091 1145 3167; x_wconf 87' lang='lat' dir='ltr'><strong>judicandum</strong></span> 
     </span>
     <span class='ocr_line' id='line_1_35' title="bbox 237 3169 1146 3247; baseline 0 -19"><span class='ocrx_word' id='word_1_261' title='bbox 237 3181 289 3240; x_wconf 87' lang='lat' dir='ltr'><strong>est,</strong></span> <span class='ocrx_word' id='word_1_262' title='bbox 311 3173 437 3247; x_wconf 79' lang='lat' dir='ltr'><strong>optima3</strong></span> <span class='ocrx_word' id='word_1_263' title='bbox 459 3172 484 3229; x_wconf 88' lang='lat' dir='ltr'><strong>si</strong></span> <span class='ocrx_word' id='word_1_264' title='bbox 508 3170 607 3240; x_wconf 93' lang='lat' dir='ltr'><strong>forma,</strong></span> <span class='ocrx_word' id='word_1_265' title='bbox 633 3171 682 3226; x_wconf 86' lang='lat' dir='ltr'><strong>vix</strong></span> <span class='ocrx_word' id='word_1_266' title='bbox 707 3170 853 3226; x_wconf 87' lang='lat' dir='ltr'><strong>mediocri.</strong></span> <span class='ocrx_word' id='word_1_267' title='bbox 895 3169 1033 3245; x_wconf 86' lang='lat' dir='ltr'><strong>Namque</strong></span> <span class='ocrx_word' id='word_1_268' title='bbox 1054 3172 1083 3227; x_wconf 92' lang='lat' dir='ltr'><strong>in</strong></span> <span class='ocrx_word' id='word_1_269' title='bbox 1109 3189 1146 3228; x_wconf 87' lang='lat' dir='ltr'><strong>ea</strong></span> 
     </span>
     <span class='ocr_line' id='line_1_36' title="bbox 237 3249 1145 3328; baseline 0.001 -24"><span class='ocrx_word' id='word_1_270' title='bbox 237 3259 321 3306; x_wconf 89' lang='lat' dir='ltr'><strong>erant</strong></span> <span class='ocrx_word' id='word_1_271' title='bbox 345 3251 428 3325; x_wconf 91' lang='lat' dir='ltr'><strong>pueri</strong></span> <span class='ocrx_word' id='word_1_272' title='bbox 443 3250 650 3318; x_wconf 87' lang='lat' dir='ltr'><strong>litteratissimi,</strong></span> <span class='ocrx_word' id='word_1_273' title='bbox 665 3259 830 3325; x_wconf 73' lang='lat' dir='ltr'><strong>anagnostae</strong></span> <span class='ocrx_word' id='word_1_274' title='bbox 854 3249 961 3324; x_wconf 90' lang='lat' dir='ltr'><strong>optimi,</strong></span> <span class='ocrx_word' id='word_1_275' title='bbox 975 3258 1004 3306; x_wconf 91' lang='lat' dir='ltr'><strong>et</strong></span> <span class='ocrx_word' id='word_1_276' title='bbox 1028 3249 1145 3328; x_wconf 88' lang='lat' dir='ltr'><strong>plurimi</strong></span> 
     </span>
     <span class='ocr_line' id='line_1_37' title="bbox 237 3326 1145 3404; baseline 0.001 -22"><span class='ocrx_word' id='word_1_277' title='bbox 237 3327 358 3396; x_wconf 90' lang='lat' dir='ltr'><strong>librarii,</strong></span> <span class='ocrx_word' id='word_1_278' title='bbox 375 3337 406 3383; x_wconf 90' lang='lat' dir='ltr'><strong>ut</strong></span> <span class='ocrx_word' id='word_1_279' title='bbox 426 3346 462 3384; x_wconf 87' lang='lat' dir='ltr'><strong>ne</strong></span> <span class='ocrx_word' id='word_1_280' title='bbox 485 3328 658 3404; x_wconf 80' lang='lat' dir='ltr'><strong>pedisequus</strong></span> <span class='ocrx_word' id='word_1_281' title='bbox 682 3326 800 3403; x_wconf 91' lang='lat' dir='ltr'><strong>quidem</strong></span> <span class='ocrx_word' id='word_1_282' title='bbox 821 3328 975 3402; x_wconf 87' lang='lat' dir='ltr'><strong>quisquam</strong></span> <span class='ocrx_word' id='word_1_283' title='bbox 989 3339 1074 3397; x_wconf 89' lang='lat' dir='ltr'><strong>esset,</strong></span> <span class='ocrx_word' id='word_1_284' title='bbox 1094 3329 1145 3403; x_wconf 88' lang='lat' dir='ltr'><strong>qui</strong></span> 
     </span>
     <span class='ocr_line' id='line_1_38' title="bbox 236 3403 1146 3482; baseline 0.002 -21"><span class='ocrx_word' id='word_1_285' title='bbox 236 3423 293 3462; x_wconf 91' lang='lat' dir='ltr'><strong>non</strong></span> <span class='ocrx_word' id='word_1_286' title='bbox 308 3415 464 3479; x_wconf 90' lang='lat' dir='ltr'><strong>utrumque</strong></span> <span class='ocrx_word' id='word_1_287' title='bbox 478 3405 582 3463; x_wconf 88' lang='lat' dir='ltr'><strong>horum</strong></span> <span class='ocrx_word' id='word_1_288' title='bbox 596 3406 716 3481; x_wconf 88' lang='lat' dir='ltr'><strong>pulchre</strong></span> <span class='ocrx_word' id='word_1_289' title='bbox 732 3403 829 3463; x_wconf 91' lang='lat' dir='ltr'><strong>facere</strong></span> <span class='ocrx_word' id='word_1_290' title='bbox 844 3415 958 3481; x_wconf 89' lang='lat' dir='ltr'><strong>posset;</strong></span> <span class='ocrx_word' id='word_1_291' title='bbox 982 3407 1043 3482; x_wconf 89' lang='lat' dir='ltr'><strong>pari</strong></span> <span class='ocrx_word' id='word_1_292' title='bbox 1063 3406 1146 3463; x_wconf 91' lang='lat' dir='ltr'><strong>modo</strong></span> 
     </span>
     <span class='ocr_line' id='line_1_39' title="bbox 237 3483 1146 3562; baseline 0 -22"><span class='ocrx_word' id='word_1_293' title='bbox 237 3483 364 3540; x_wconf 87' lang='lat' dir='ltr'><strong>artifices</strong></span> <span class='ocrx_word' id='word_1_294' title='bbox 378 3485 476 3552; x_wconf 89' lang='lat' dir='ltr'><strong>ceteri,</strong></span> <span class='ocrx_word' id='word_1_295' title='bbox 499 3502 570 3559; x_wconf 87' lang='lat' dir='ltr'><strong>quos</strong></span> <span class='ocrx_word' id='word_1_296' title='bbox 583 3485 681 3542; x_wconf 87' lang='lat' dir='ltr'><strong>cultus</strong></span> <span class='ocrx_word' id='word_1_297' title='bbox 694 3484 869 3541; x_wconf 87' lang='lat' dir='ltr'><strong>domesticus</strong></span> <span class='ocrx_word' id='word_1_298' title='bbox 883 3483 1035 3553; x_wconf 86' lang='lat' dir='ltr'><strong>desiderat,</strong></span> <span class='ocrx_word' id='word_1_299' title='bbox 1051 3485 1146 3562; x_wconf 87' lang='lat' dir='ltr'><strong>appri-</strong></span> 
     </span>
    </p>

    <p class='ocr_par' dir='ltr' id='par_1_8' title="bbox 197 3561 1145 3871">
     <span class='ocr_line' id='line_1_40' title="bbox 197 3561 1145 3638; baseline 0.004 -22"><span class='ocrx_word' id='word_1_300' title='bbox 197 3564 217 3616; x_wconf 89' lang='lat'>4</span> <span class='ocrx_word' id='word_1_301' title='bbox 237 3580 284 3618; x_wconf 91' lang='lat' dir='ltr'><strong>me</strong></span> <span class='ocrx_word' id='word_1_302' title='bbox 307 3562 380 3618; x_wconf 90' lang='lat' dir='ltr'><strong>boni.</strong></span> <span class='ocrx_word' id='word_1_303' title='bbox 409 3561 529 3634; x_wconf 82' lang='lat' dir='ltr'><strong>&#39;Neque</strong></span> <span class='ocrx_word' id='word_1_304' title='bbox 554 3571 650 3619; x_wconf 89' lang='lat' dir='ltr'><strong>tamen</strong></span> <span class='ocrx_word' id='word_1_305' title='bbox 672 3563 772 3618; x_wconf 89' lang='lat' dir='ltr'><strong>horum</strong></span> <span class='ocrx_word' id='word_1_306' title='bbox 787 3581 974 3638; x_wconf 90' lang='lat' dir='ltr'><strong>quemquam,</strong></span> <span class='ocrx_word' id='word_1_307' title='bbox 989 3565 1043 3620; x_wconf 89' lang='lat' dir='ltr'><strong>nisi</strong></span> <span class='ocrx_word' id='word_1_308' title='bbox 1068 3563 1145 3620; x_wconf 92' lang='lat' dir='ltr'><strong>domi</strong></span> 
     </span>
     <span class='ocr_line' id='line_1_41' title="bbox 236 3636 1145 3718; baseline 0.001 -23"><span class='ocrx_word' id='word_1_309' title='bbox 236 3648 337 3695; x_wconf 88' lang='lat' dir='ltr'><strong>natum</strong></span> <span class='ocrx_word' id='word_1_310' title='bbox 357 3638 490 3713; x_wconf 89' lang='lat' dir='ltr'><strong>domique</strong></span> <span class='ocrx_word' id='word_1_311' title='bbox 512 3636 631 3706; x_wconf 87' lang='lat' dir='ltr'><strong>factum,</strong></span> <span class='ocrx_word' id='word_1_312' title='bbox 651 3639 766 3696; x_wconf 89' lang='lat' dir='ltr'><strong>habuit:</strong></span> <span class='ocrx_word' id='word_1_313' title='bbox 788 3639 864 3715; x_wconf 92' lang='lat' dir='ltr'><strong>quod</strong></span> <span class='ocrx_word' id='word_1_314' title='bbox 877 3642 928 3697; x_wconf 83' lang='lat' dir='ltr'><strong>&#39;est</strong></span> <span class='ocrx_word' id='word_1_315' title='bbox 952 3642 1068 3718; x_wconf 83' lang='lat' dir='ltr'><strong>signum</strong></span> <span class='ocrx_word' id='word_1_316' title='bbox 1089 3660 1145 3698; x_wconf 90' lang='lat' dir='ltr'><strong>non</strong></span> 
     </span>
     <span class='ocr_line' id='line_1_42' title="bbox 237 3714 1145 3792; baseline 0.004 -20"><span class='ocrx_word' id='word_1_317' title='bbox 237 3715 330 3772; x_wconf 87' lang='lat' dir='ltr'><strong>solum</strong></span> <span class='ocrx_word' id='word_1_318' title='bbox 345 3715 534 3783; x_wconf 77' lang='lat' dir='ltr'><strong>continentiae,</strong></span> <span class='ocrx_word' id='word_1_319' title='bbox 549 3714 598 3773; x_wconf 89' lang='lat' dir='ltr'><strong>sed</strong></span> <span class='ocrx_word' id='word_1_320' title='bbox 621 3717 707 3772; x_wconf 88' lang='lat' dir='ltr'><strong>etiam</strong></span> <span class='ocrx_word' id='word_1_321' title='bbox 731 3717 897 3792; x_wconf 73' lang='lat' dir='ltr'><strong>diligentiae.</strong></span> <span class='ocrx_word' id='word_1_322' title='bbox 940 3719 1019 3776; x_wconf 89' lang='lat' dir='ltr'><strong>Nam</strong></span> <span class='ocrx_word' id='word_1_323' title='bbox 1040 3731 1068 3777; x_wconf 89' lang='lat' dir='ltr'><strong>et</strong></span> <span class='ocrx_word' id='word_1_324' title='bbox 1089 3738 1145 3776; x_wconf 89' lang='lat' dir='ltr'><strong>non</strong></span> 
     </span>
     <span class='ocr_line' id='line_1_43' title="bbox 237 3793 1144 3871; baseline 0.004 -21"><span class='ocrx_word' id='word_1_325' title='bbox 237 3793 461 3868; x_wconf 75' lang='lat' dir='ltr'><strong>intemperanter</strong></span> <span class='ocrx_word' id='word_1_326' title='bbox 488 3793 704 3866; x_wconf 86' lang='lat' dir='ltr'><strong>concupiscere,</strong></span> <span class='ocrx_word' id='word_1_327' title='bbox 732 3796 806 3870; x_wconf 91' lang='lat' dir='ltr'><strong>quod</strong></span> <span class='ocrx_word' id='word_1_328' title='bbox 835 3815 853 3852; x_wconf 91' lang='lat' dir='ltr'><strong>a</strong></span> <span class='ocrx_word' id='word_1_329' title='bbox 880 3797 1013 3871; x_wconf 89' lang='lat' dir='ltr'><strong>plurimis</strong></span> <span class='ocrx_word' id='word_1_330' title='bbox 1035 3798 1144 3867; x_wconf 87' lang='lat' dir='ltr'><strong>videas,</strong></span> 
     </span>
    </p>
   </div>
   <div class='ocr_carea' id='block_1_3' title="bbox 0 0 1360 4300">
    <p class='ocr_par' dir='ltr' id='par_1_9' title="bbox 0 0 1360 4300">
     <span class='ocr_line' id='line_1_44' title="bbox 0 0 1360 4300; baseline 0 2"><span class='ocrx_word' id='word_1_331' title='bbox 0 0 1360 4300; x_wconf 95' lang='lat' dir='ltr'><strong> </strong></span> 
     </span>
    </p>
   </div>
  </div>
 </body>
</html>
