2608 4300
428 318 519 381 XXI.
565 327 590 383 l.
638 319 701 402 (De
715 317 878 400 Regibus.)
1062 329 1103 386 85

174 470 262 526 enim
279 472 418 546 speciem
441 471 580 530 libertatis
595 492 668 541 esse,
683 472 707 528 si
731 473 872 542 omnibus,
887 472 961 547 quod
982 475 1104 550 quisque

172 547 284 619 vellet,
315 550 436 641 legibus
461 551 585 626 experiri
608 551 718 608 liceret.
761 549 850 620 ldcm,
875 551 1143 643 quumquidam8

172 623 336 692 Lamestir
363 628 477 697 similis,
492 631 606 686 nomine
630 628 824 698 Demaenetus‚
840 631 869 686 ia
891 649 1030 688 concione
1057 650 1101 705 po·

172 704 242 779 puli
273 707 314 763 de
338 707 428 763 rebus
452 708 540 782 gestis
560 708 624 782 ejus
646 708 794 765 detrahere
815 709 959 784 caepisset,
975 728 1011 766 ac
1033 727 1101 766 nou·

172 784 267 841 nulla
285 785 481 842 inveberetur
501 786 531 841 in
547 785 736 853 Timoleonta,
751 785 831 854 dixit,
846 805 924 844 nuno
939 787 1055 844 demum
1070 807 1101 844 se

172 863 239 918 voti
256 883 329 920 esse
345 863 525 921 damnatum.
568 864 705 940 Namque
726 865 780 921 hoc
794 883 811 920 a
825 863 879 922 diis
893 865 1101 922 immortalibus

173 959 306 1017 semper
321 952 484 1016 precatum,
502 953 532 999 ut
546 942 634 1000 talem
648 943 809 1000 libertatem
829 945 991 1000 restitueret
1013 943 1099 1019 Syra-

174 1023 321 1088 cusanis,
338 1022 369 1076 in
384 1039 444 1095 qua
458 1023 552 1078 cuivis
567 1020 676 1090 liceret,
692 1021 726 1077 de
747 1038 804 1095 quo
819 1021 913 1090 vellet,
929 1023 1045 1098 impunc
1060 1022 1099 1078 di-

175 1115 265 1154 cere.
313 1098 374 1155 Hic
399 1116 490 1173 quum
512 1100 588 1156 diem
613 1118 781 1175 supremum
805 1095 930 1168 obiisset,
945 1101 1058 1174 publice
1083 1105 1139 1158 ad

177 1174 395 1250 Syracusanis
414 1180 444 1234 in
458 1180 619 1255 gymnasio,
634 1178 709 1255 quod
731 1176 963 1235 Timoleonteum
978 1178 1099 1254 appella-

178 1264 252 1327 tur„
261 1266 322 1314 tota
337 1257 505 1314 celebrante
520 1257 630 1325 Sicilia,
646 1257 776 1332 sepultus
790 1266 843 1313 est.

491 1487 823 1497 ——-—-—-—-—-

328 1659 470 1732 xxi.
524 1605 605 1730 ou
643 1657 964 1732 naerens,

230 1958 255 2015 Ι.
280 1957 320 2013 Hi
337 1956 396 2013 fere
412 1955 530 2012 fuerunt
545 1955 668 2014 Graeciae
681 1951 774 2030 gentis
788 1955 885 2026 duces,
896 1959 946 2032 qui
961 1961 1098 2016 memoria
1121 1965 1134 2016 l

188 2037 273 2112 digni
288 2035 470 2102 videbantur,
486 2044 589 2108 praeter
610 2052 703 2109 reges.
745 2034 880 2109 Namque
895 2055 945 2108 eos
959 2038 1098 2112 attingere

188 2116 349 2182 noluimus,
361 2113 437 2188 quod
451 2114 578 2170 omnium
595 2130 641 2168 res
651 2123 739 2188 gestae
749 2114 902 2187 separatim
913 2125 979 2172 suut
987 2116 1096 2172 relatae.

190 2193 300 2267 Neque
314 2202 410 2248 tamen
433 2192 462 2249 hi
477 2190 630 2247 admodum
644 2200 710 2248 sunt
725 2191 816 2248 multi.
860 2191 1099 2250 Lacedaemonius
1119 2197 1138 2248 2

192 2267 291 2328 autem
307 2271 467 2346 Agesilaus
481 2270 604 2338 nomine,
619 2287 674 2325 non
696 2278 840 2345 potestate,
856 2269 909 2326 suit
930 2288 1000 2340 rex;
1023 2271 1098 2328 sicut

192 2343 284 2406 ceteri
309 2347 454 2424 Spartani.
498 2347 544 2404 Ex
560 2348 604 2404 bis
619 2366 696 2416 vero,
711 2348 761 2422 qui
781 2347 957 2404 dominatum
978 2349 1099 2423 imperio

153 2485 158 2492 ,
194 2437 359 2495 tenuerunt,
386 2426 621 2483 excellentissimi
646 2424 771 2495 fuerunt,
796 2435 826 2482 ut
851 2444 902 2481 nos
922 2425 1098 2500 judicamus,

195 2506 348 2562 Persarum
373 2505 470 2580 Cyrus
491 2515 519 2562 et
538 2504 656 2572 Darius
682 2503 836 2579 Hystaspis
859 2501 953 2558 filius:
975 2521 1099 2577 quorum

196 2593 317 2659 uterque
337 2585 468 2658 privatus
490 2584 596 2640 virtute
622 2599 744 2657 regnum
768 2592 812 2638 est
835 2581 963 2654 adeptus.
1019 2579 1100 2637 Prior

195 2662 297 2734 horum
313 2662 388 2737 apud
412 2661 592 2738 Massagetas
615 2661 645 2716 in
668 2660 770 2734 proelio
787 2657 911 2727 cecidit;
935 2655 1043 2714 Darius
1056 2680 1098 2716 se-

194 2749 311 2797 nectute
340 2741 415 2796 diem
444 2741 512 2796 obiit
539 2756 719 2814 supremum.
774 2736 849 2793 Tres
871 2745 938 2792 sunt
962 2743 1138 2812 praeterea3

195 2819 325 2893 ejusdem
340 2819 464 2894 generis,
480 2817 601 2886 Xerxes,
616 2826 645 2872 et
659 2815 715 2872 duo
730 2816 918 2882 Artaxerxes,
934 2813 1099 2872 Macrochir

195 2907 223 2952 et
238 2895 384 2954 Mnemon.
428 2897 519 2954 Xerxi
533 2896 659 2952 maxime
673 2905 716 2951 est
730 2894 851 2961 illustre,
869 2891 944 2968 quod
965 2895 1099 2951 maximis

196 2983 257 3048 post
271 2975 418 3031 hominum
433 2974 601 3030 memoriam
615 2973 788 3030 exercitibus
802 2982 879 3028 terra
893 2973 1025 3046 marique
1040 2973 1097 3028 bcl-

195 3053 257 3108 lum
278 3052 374 3109 intulit
395 3053 528 3108 Graeciae.
571 3051 612 3107 At
636 3050 800 3109 Macrochir
814 3051 989 3124 praecipuam
1014 3050 1099 3108 habet
1119 3055 1137 3108 4

195 3129 311 3186 laudern
334 3130 519 3206 amplissimae
546 3121 806 3204 pulcherrimaeque
835 3127 962 3200 corporis
985 3125 1096 3184 formae:

195 3226 283 3281 quam
305 3207 468 3271 incredibili
490 3207 613 3264 ornavit·
631 3207 737 3264 virtute
767 3205 843 3262 belli.
886 3204 1022 3281 Namque
1050 3206 1099 3263 illo

195 3286 299 3342 Perses
313 3305 398 3342 nemo
413 3283 467 3341 fuit
481 3303 568 3340 mauu
585 3282 692 3341 sortior.
722 3283 857 3340 Mnemon
872 3294 969 3340 autern
980 3284 1099 3358 justitiae

195 3361 274 3420 sama
288 3364 393 3420 floruit.
435 3362 514 3419 Nam
532 3380 622 3435 quum
638 3363 737 3419 matris
759 3379 819 3418 suae
834 3360 943 3418 scelere
958 3363 1100 3418 amisisset

196 3458 326 3509 uxorem,
341 3450 454 3497 tantum
467 3439 586 3496 indulsit
600 3438 699 3506 dolori,
716 3450 748 3496 ut
771 3458 838 3495 eum
854 3439 945 3513 pietas
960 3439 1097 3494 vinceret.

195 3517 243 3574 Ex
258 3519 303 3574 his
317 3518 374 3573 duo
388 3517 488 3572 eodem
502 3517 617 3573 nomine
630 3519 728 3573 morbo
741 3526 853 3572 naturae
866 3516 993 3572 debitum
1008 3515 1098 3571 reddi·
1120 3517 1139 3570 5

195 3593 317 3653 derunt:
339 3594 441 3652 tertius
454 3594 490 3650 ab
509 3595 659 3650 Artabano
684 3593 818 3668 praefecto
841 3592 917 3650 ferro
930 3593 1099 3648 interemtus
1155 3595 1157 3598 ’

194 3682 248 3731 est.

666 3743 684 3794 8
