2710 4300
237 423 297 482 102
346 414 454 482 XXV.
502 425 549 480 10.
597 415 647 500 (T.
665 415 861 500 Pomponius
876 417 1024 500 Atticus.)
1060 511 1061 519 ἵ

231 569 336 627 bantur
348 590 357 642 ;
381 589 500 628 uxorem
523 569 661 628 Fulviam
683 571 817 628 omnibus
838 571 926 628 rebus
947 571 1072 648 spoliare
1090 591 1141 629 cu·
1207 603 1210 608 ν

192 651 210 705 3
231 649 364 724 plebant;
388 649 492 707 liberos
507 651 592 706 etiam
615 651 799 726 exstinguere
821 651 969 724 parabant.
1013 652 1140 720 Atticus,
1159 669 1165 678 ‘

230 747 322 802 quum
344 728 493 786 Ciceronis
514 729 613 786 intima
637 728 830 786 familiaritate
846 739 984 798 uteretur,
1000 731 1141 788 amicissi-

231 824 297 864 mus
310 817 386 864 esset
405 806 504 875 Bruto,
520 825 575 864 non
589 807 672 864 modo
686 808 757 866 nihil
781 809 817 864 iis
835 807 953 865 indulsit
967 808 1003 864 ad
1018 809 1140 866 Antoni-

230 903 280 942 um
296 886 472 956 violandum,
486 885 536 943 sed
552 888 726 944 econtrario
748 886 908 943 familiares
928 888 993 962 ejus
1016 907 1052 944 ex
1068 888 1140 944 urbe

229 964 434 1042 profugientes,
456 974 597 1040 quantum
620 967 718 1040 potuit,
740 967 817 1033 texit,
833 965 938 1041 quibus
963 965 1049 1022 rebus
1067 966 1139 1025 indi-

190 1045 210 1098 4
230 1055 366 1120 gnorunt,
382 1043 501 1119 adjuvit.
537 1043 570 1100 P.
586 1063 655 1101 vero
669 1043 826 1101 Volumnio
837 1063 873 1100 ea
885 1045 993 1113 tribuit,
1010 1055 1041 1101 ut
1055 1045 1141 1120 plura

231 1132 379 1198 aparente
402 1123 546 1198 proficisci
565 1141 620 1180 non
636 1125 787 1200 potuerint.
830 1123 887 1198 Ipsi
902 1133 1001 1180 autern
1015 1123 1139 1193 Fulviae,
1242 1198 1243 1201 Ἴ
1310 1131 1318 1141 ”

229 1220 322 1276 quum
342 1202 441 1259 litibus
455 1202 640 1260 distineretur
655 1203 827 1280 magnisque
847 1201 1004 1258 terroribus
1019 1220 1137 1259 vexare-

229 1290 286 1349 tur,
302 1290 380 1338 tanta
402 1281 553 1357 diligentia
567 1281 693 1337 officium
709 1299 795 1338 sunm
817 1281 1001 1356 praestitit,'ut
1023 1280 1138 1338 nullum

230 1359 282 1416 illa
296 1361 399 1418 stiterit
411 1359 605 1416 vadimonium
621 1361 683 1417 sine
699 1361 806 1427 Attico,
816 1359 863 1416 hic
878 1377 996 1436 sponsor
1008 1359 1138 1416 omnium

189 1439 209 1493 ὅ
231 1455 327 1516 rernm
342 1438 438 1496 fuerit.
481 1439 561 1504 Quin
576 1439 673 1507 etiarn,
687 1457 778 1514 quum
801 1439 852 1495 illa
867 1435 989 1494 fundum
1009 1439 1139 1495 secunda

230 1515 345 1574 fortuna
359 1519 475 1576 emisset
496 1519 525 1574 in
539 1517 624 1585 diem,
640 1535 735 1591 neque
751 1527 812 1594 post
826 1517 1023 1577 calamitatem
1038 1535 1137 1574 versu-

230 1613 293 1652 ram
315 1596 411 1654 facere
434 1598 579 1672 potuisset,
603 1596 653 1652 ille
682 1615 713 1654 se
732 1597 900 1672 interposuit
925 1597 1137 1671 pecuniamque

229 1675 291 1732 sine
307 1674 402 1733 fenore
417 1677 537 1751 sineque
553 1675 614 1732 ulla
630 1675 812 1750 stipulatione
830 1675 886 1750 [ei]
901 1674 1030 1743 credidit,
1046 1676 1137 1731 maxi-

230 1771 311 1809 mum
330 1755 498 1812 existimans
520 1764 672 1829 quaestum,
697 1771 852 1810 memorem
874 1764 1048 1830 gratumque
1071 1773 1137 1830 cog-

229 1833 319 1901 nosci,
335 1833 480 1908 simulque
504 1833 624 1908 aperire,
640 1852 670 1890 se
684 1851 738 1890 non
754 1831 893 1900 fortunae,
908 1831 958 1888 sed
973 1832 1138 1890 hominibus

190 1912 209 1966 6
230 1910 323 1968 solere
344 1931 408 1969 esse
428 1913 567 1969 amicum.
608 1911 684 1976 Quae
706 1931 796 1992 quum
820 1909 952 1978 iaciebat,
968 1929 1051 1967 nemo
1068 1929 1137 1966 enm

229 1990 366 2065 temporis
380 2009 470 2048 causa
486 1989 583 2048 lacere
598 2000 708 2066 poterat
719 1991 895 2047 existimare.
926 1989 1045 2046 Nemini
1059 1990 1137 2046 enim

190 2069 210 2122 7
230 2067 260 2124 in
274 2069 435 2143 opinionem
451 2069 591 2138 veniebat,
608 2070 766 2133 Antonium
779 2087 875 2124 rernm
886 2069 1052 2144 potiturum.
1078 2068 1137 2125 Sed

230 2148 338 2204 sensim
352 2149 377 2204 is
393 2167 410 2204 a
424 2149 570 2205 nonnullis
584 2149 767 2222 optimatibus
783 2147 1051 2223 reprehendebatur,
1061 2147 1137 2222 quod

230 2243 333 2302 parurn
355 2225 448 2284 odisse
471 2227 562 2284 malos
584 2228 664 2284 cives
687 2227 843 2283 videretur.
899 2225 952 2283 Ille
974 2236 1071 2282 autern
1090 2227 1137 2282 sui

227 2305 331 2380 judicii
346 2306 448 2380 potina,
463 2306 531 2381 qnid
543 2325 574 2362 se
589 2304 684 2362 iacere
700 2323 752 2381 par
765 2314 849 2375 esset,
862 2305 1036 2372 intuebatur,
1048 2323 1136 2380 quam

229 2383 299 2459 quid
315 2384 365 2441 alii
379 2382 526 2441 laudaturi
542 2383 643 2441 forent.

192 2462 207 2516 1
271 2461 308 2520 X.
329 2463 476 2520 Conversa
490 2463 583 2520 subito
604 2461 718 2520 fortuna
731 2472 784 2520 est.
827 2462 867 2520 Ut
888 2462 1032 2520 Antonius
1054 2461 1138 2520 rediit

230 2540 260 2597 in
276 2541 398 2611 Italiam,
408 2561 492 2599 nemo
505 2560 675 2619 nonmagna
690 2543 719 2598 in
735 2541 864 2618 periculo
876 2541 1007 2598 Atticum
1022 2550 1138 2616 putarat

191 2620 210 2673 2
231 2631 347 2696 propter
360 2621 489 2678 intimam
505 2622 731 2678 familiaritatem
745 2620 894 2678 Ciceronis
908 2629 937 2677 et
951 2619 1044 2676 Bruti.
1080 2619 1137 2677 Ita·

230 2718 287 2774 que
299 2699 335 2756 ad
350 2700 504 2757 adventurn
519 2700 723 2776 imperatorum
735 2699 770 2755 de
784 2698 843 2756 foro
852 2698 1023 2766 decesserat,
1034 2699 1138 2764 timens

231 2778 475 2854 proscriptionem,
490 2779 654 2854 latebatque
669 2777 744 2855 apud
769 2777 800 2834 P.
817 2777 1016 2845 Volumnium,
1032 2777 1091 2846 cni,
1106 2786 1139 2834 ut

230 2857 415 2925 ostendimus,
433 2857 531 2932 paullo
554 2867 620 2914 ante
644 2876 727 2934 opem
752 2857 872 2914 tulerat:
895 2855 989 2934 (tanta
1013 2857 1138 2920 varietas

231 2934 267 2992 iis
288 2935 464 3012 temporibus
487 2935 540 2992 fuit
555 2934 696 3004 fortune,
722 2945 753 2992 ut
778 2935 860 2991 modo
882 2935 920 3003 hi,
936 2931 1018 2992 modo
1042 2935 1085 2991 illi
1108 2935 1138 2990 in

231 3032 344 3071 summo
358 3024 453 3072 essent
468 3025 518 3071 aut
530 3012 652 3091 fastigio,
675 3024 725 3072 aut
744 3013 885 3090 periculo)
901 3013 1080 3088 habebatque
1094 3031 1137 3070 se-

231 3111 300 3150 cum
322 3093 360 3158 Q.
378 3093 507 3150 Gellium
521 3093 644 3162 Canum,
665 3093 806 3167 aequalem
819 3092 1059 3167 'simillimumque
1080 3092 1136 3149 sui.

192 3171 210 3225 3
232 3169 297 3228 Hoc
319 3191 433 3247 quoque
456 3172 494 3228 sit
518 3172 609 3229 Attici
632 3172 763 3228 bonitatis
784 3171 958 3246 exemplum,
973 3169 1049 3246 quod
1070 3189 1139 3227 cum

231 3268 275 3318 eo,
300 3268 387 3324 quern
411 3268 534 3326 puerum
554 3251 583 3306 in
605 3251 673 3307 ludo
694 3260 875 3326 cognoverat,
891 3249 962 3306 adeo
985 3249 1140 3323 conjuncte

231 3328 312 3397 vixit,
329 3337 360 3384 ut
374 3327 409 3384 ad
434 3340 593 3386 extremam
607 3338 720 3386 aetatem
742 3329 869 3386 amicitia
883 3346 983 3386 eorum
1004 3328 1138 3385 creverit.

191 3409 211 3462 4
232 3406 377 3464 Antonius
391 3417 496 3476 autern,
511 3409 565 3464 etsi
579 3418 657 3465 tanto
670 3407 734 3464 odio
749 3406 896 3464 ferebatur
916 3407 945 3464 in
959 3405 1139 3474 Ciceronem,

231 3493 264 3541 ut
287 3503 343 3542 non
367 3485 460 3542 solum
481 3487 517 3554 ei,
532 3486 581 3542 sed
595 3487 729 3544 omnibus
743 3487 829 3542 etiam
855 3486 926 3561 ejus:
943 3485 1044 3542 amicis
1066 3492 1141 3540 esset

232 3562 377 3630 inimicus,
399 3581 504 3638 eosque
518 3564 607 3620 vellet
628 3565 817 3640 proscribere,
844 3564 942 3620 multis
961 3563 1141 3620 hortantibus

231 3648 329 3696 tamen
344 3641 436 3698 Attici
457 3658 567 3696 mernor
581 3639 741 3710 fuitofficii,
757 3651 786 3698 et
804 3642 840 3710 ei,
855 3661 947 3717 quum
964 3641 1140 3716 requisisset,

232 3718 351 3774 ubinam
367 3727 455 3786 esset,
465 3735 520 3774 sua
539 3735 627 3773 manu
641 3720 765 3795 scripsit,
780 3738 817 3776 ne
842 3721 964 3788 timeret,
987 3720 1140 3794 statimque

233 3794 270 3852 ad
284 3814 315 3852 se
324 3796 454 3854 veniret:
476 3813 508 3852 sa
522 3813 600 3863 eum,
609 3804 638 3851 et
652 3795 732 3852 illius
746 3815 837 3855 causa
851 3797 1011 3874 [Gellium]
1026 3797 1141 3856 Canum
1187 3825 1189 3830 v
