2608 4300
393 352 467 415 XV
511 358 541 416 4
588 350 867 436 (Epaminondas)
1039 364 1077 420 61

174 507 231 564 eila
245 523 401 582 perpessus
415 517 466 576 est,
483 515 516 563 ut
536 506 572 563 de
586 505 737 582 republica
752 507 824 564 nihil
845 515 949 583 praeter
961 505 1118 586 glorian

172 586 292 662 ceperit.
336 586 538 642 Amicorum
529 604 559 642 m
580 605 611 643 se
632 585 738 643 tuendo
762 587 855 642 caruit
877 576 1099 657 facultatibus5

128 681 130 684 ·
173 665 230 721 fide
245 663 280 720 ad
294 664 369 721 alios
387 663 579 721 sublevandos
592 683 668 756 saepe
687 664 730 722 sic
745 683 815 722 usus
828 675 880 734 est,
893 675 924 722 ut
939 665 1025 740 possit
1036 664 1083 740 ju·

173 743 275 811 dicari,
297 744 395 799 omnia
415 744 442 799 ei
463 762 531 800 cum
552 744 654 800 amicis
677 741 765 800 iuisse
785 744 960 800 eommunia.
1003 743 1083 800 Nam
1104 747 1124 800 b

173 839 265 897 quum
280 831 330 881 aut
351 822 461 879 civium
476 841 594 880 suorum
616 822 720 896 aliquis
735 821 771 878 ab
785 821 913 880 hostibus
927 831 1001 879 esset
1016 840 1082 898 cap-

172 909 230 969 tus,
243 909 295 958 aut
316 901 400 976 virgo
414 901 501 958 amici
523 900 630 960 nubilis
651 911 765 976 propter
785 910 982 976 paupertatem
993 900 1081 966 collo-

173 980 237 1036 cari
251 997 306 1036 non
321 991 425 1054 posset,
441 980 602 1036 amicorum
617 980 773 1036 concilium
788 979 920 1048 habebat,
936 989 972 1048 et,
985 979 1081 1054 fian-

173 1067 236 1114 tum
257 1059 381 1132 quisque
399 1059 489 1128 daret,
505 1077 555 1135 pro
576 1056 764 1115 facultatibus
784 1059 951 1133 imperabat.
994 1057 1081 1115 Eam·
1103 1061 1122 1114 6

173 1155 231 1211 que
245 1155 388 1192 summam
404 1155 495 1211 quum
511 1136 635 1205 iecerat,
649 1137 817 1211 priusquam
833 1137 977 1212 acciperet
996 1155 1081 1212 pecu-

174 1214 263 1283 niam',
286 1215 448 1272 adducebat
467 1235 546 1308 enm,
567 1216 619 1292 qui
639 1215 797 1291 querebat,
814 1215 849 1272 nd
869 1233 929 1284 eos,
951 1215 1002 1290 qui
1017 1233 1082 1272 cou-

175 1292 313 1362 ferebent,
331 1296 417 1370 eique
439 1304 470 1352 ut
494 1295 548 1370 ipsi
572 1304 770 1362 numerarent,
793 1292 936 1366 faciebat3
968 1302 1000 1351 ut
1023 1293 1082 1362 ille,

174 1371 210 1506 qd
232 1391 319 1448 quem
343 1392 380 1431 ea
403 1391 450 1431 res
472 1373 667 1449 perveniebat,
689 1373 785 1441 sciret,
811 1337 952 1486 quanturh
978 1372 1084 1447 cuique

194 1451 298 1508 eberet.

214 1529 267 1588 IV.
291 1530 416 1588 Tentata
428 1543 525 1588 autem
535 1529 598 1607 ejus
612 1541 655 1589 est
670 1530 842 1587 abstinentia
854 1549 871 1586 a
885 1528 1120 1599 Diomedonte,l

173 1607 331 1683 Cyzicena.
363 1610 499 1685 Namque
514 1612 539 1668 is
554 1621 655 1686 rogatu
666 1609 838 1666 Artaxerxis
853 1608 1083 1684 Epaminondam

174 1689 299 1762 pecunia
323 1689 566 1764 corrumpendum
588 1698 765 1764 susceperat.
809 1687 867 1744 Hic
889 1707 994 1765 magno
1015 1707 1083 1747 cum

172 1765 298 1841 pondere
308 1769 372 1823 auri
387 1767 504 1824 Thebas
519 1769 605 1837 venit,
615 1777 643 1825 et
658 1767 821 1842 Micythum
834 1766 1082 1824 adolescentulum

173 1845 301 1920 quinque
323 1846 498 1904 talentis=ad
521 1865 604 1904 suam
630 1847 762 1922 perduxit
783 1845 968 1915 voluntatem,
989 1843 1082 1922 'quem

173 1935 234 1980 tum
251 1924 466 1998 Epaminondas
481 1925 636 2000 plurimum
651 1925 798 2001 diligebat.
841 1924 990 2000 Micythus
1005 1925 1080 2001 Epa-

174 2002 338 2060 minondam
358 2006 500 2071 convenit,
524 2017 551 2061 et
576 2023 695 2062 causam
721 2003 861 2060 adventus
882 2003 1080 2061 Diomedontis

173 2081 305 2138 ostendit.
348 2084 390 2140 At
404 2082 453 2139 ille
468 2082 655 2141 Diomedonte
671 2101 778 2152 eoram,
794 2081 884 2148 Nihil,
899 2084 1001 2159 inquit,
1013 2101 1082 2156 opas
1102 2085 1121 2139 2

171 2162 292 2234 pecunia
316 2171 366 2218 est.
414 2159 492 2218 Nam
515 2165 542 2218 si
565 2182 598 2220 eo
620 2181 669 2219 res
693 2163 759 2230 nult,
781 2181 840 2236 qam
865 2160 1003 2219 Thebanis
1026 2163 1083 2218 sint

174 2241 264 2307 utilio,
280 2242 372 2313 gratis
385 2238 489 2316 facere
509 2261 570 2298 sam
590 2251 711 2314 paratas
720 2260 734 2310 ;
755 2244 801 2297 sin
821 2249 911 2298 antem
932 2242 1081 2308 contrario,

173 2335 228 2374 mart
242 2319 322 2375 babet
335 2322 401 2376 omri
421 2329 501 2394 atque
515 2323 623 2394 qrgenti
642 2323 722 2377 sotis.
764 2317 892 2394 Namque
906 2319 1081 2376 orbis‘terra·

174 2415 236 2453 ram
255 2399 368 2454 divitias
381 2401 506 2473 occipere
522 2401 584 2456 noio
594 2418 647 2491 pro
659 2401 758 2472 patrio
777 2401 902 2456 caritate.
950 2394 992 2454 ib
1009 2399 1082 2472 quod
1103 2401 1121 2454 3

174 2493 215 2552 me
240 2477 407 2554 incognitam
426 2481 545 2547 tentasti,
570 2480 662 2551 tuique
687 2478 803 2534 similem
828 2479 999 2544 existimasti,
1028 2494 1082 2532 non

175 2557 268 2622 miror,
294 2557 427 2630 tibique
416 2575 550 2632 ignosco·
536 2600 547 2626 ,
582 2559 632 2613 sed
654 2558 785 2630 egredere
804 2573 932 2628 propere,
956 2555 1083 2610 manlios

176 2651 344 2706 corrumpam,
365 2655 448 2709 qnam
462 2655 504 2693 me
520 2653 574 2692 non
584 2637 719 2708 potueris.
766 2631 817 2701 Ta,
835 2631 968 2706 Micythe,
983 2652 1081 2707 argen-

130 2735 137 2760 ι
175 2721 232 2768 tum
252 2712 316 2769 hnic
335 2715 444 2783 redde;
466 2717 523 2772 nisi
543 2716 574 2770 id
588 2711 732 2789 coeffestim
746 2707 839 2788 facis,
855 2729 904 2786 ego
928 2720 953 2768 te
974 2714 1082 2769 tradam

174 2794 361 2866 magistratui.
414 2792 503 2850 Hunc
528 2792 687 2870 Diomedon
708 2809 799 2866 quum
821 2800 943 2866 rogaret,
967 2801 997 2848 ut
1022 2800 1081 2848 tuto
1102 2797 1120 2849 4

138 2879 142 2888 ’
175 2871 264 2938 exire,
282 2889 402 2963 suaque,
418 2881 483 2946 quae
503 2871 653 2940 attulisset,
669 2871 770 2928 liceret
790 2869 907 2926 efferre.
929 2869 1009 2926 Istud
1023 2873 1080 2963 qai

174 2949 244 3016 dem,
260 2950 361 3025 inquit,
372 2949 509 3027 faeiom;
530 2969 616 3024 neque
630 2960 679 3006 tna
693 2968 788 3017 caasa,
803 2951 853 3006 sed
867 2967 935 3017 mea,
950 2968 993 3018 ne,
1009 2968 1035 3005 se
1049 2952 1080 3006 n·-

175 3025 248 3084 bisit
258 3033 378 3102 pecnnia
393 3031 528 3102 adempto,
540 3031 642 3122 aliquis
653 3031 736 3096 dicat,
746 3030 776 3084 id
786 3031 824 3085 od
838 3045 879 3084 me
888 3037 1008 3102 ereptum
1017 3048 1081 3102 per·

122 3149 128 3160 .
173 3109 291 3177 vennae,
307 3110 380 3182 qnod
394 3109 514 3165 delatam
529 3113 653 3180 occipere
667 3109 826 3164 noluissem
869 3108 896 3163 A
913 3127 970 3183 quo
990 3127 1080 3181 quum
1102 3111 1139 3165 5·

174 3187 332 3258 quaesisset,
344 3207 402 3262 quo
413 3207 443 3244 se
458 3187 666 3256 dedueivellet,
646 3197 703 3243 tet
718 3185 776 3254 iile,
794 3186 933 3253 Athenas,
945 3186 1079 3258 dixisset3

154 3265 339 3356 'praesidium
356 3265 440 3334 dedit,
457 3275 487 3323 ut
509 3267 570 3357 [eo]
592 3275 652 3323 tuto
636 3265 844 3340 operveniret.
886 3264 992 3340 Neque
1014 3284 1082 3322 vero

174 3341 202 3397 id
218 3344 287 3400 satis
302 3344 411 3413 habuit,
427 3344 476 3401 sed
491 3346 587 3412 etiam,
604 3355 635 3401 ut
649 3343 805 3400 inviolatus
819 3344 848 3400 in
863 3361 967 3400 navem
984 3362 1081 3400 aseen-

174 3419 263 3490 deret,
280 3440 332 3497 per
353 3421 508 3478 Chabriam
530 3423 748 3488 Atheniensem,
764 3421 798 3478 de
817 3441 875 3498 quo
894 3439 983 3496 supra
1004 3441 1081 3477 men·
1138 3443 1143 3450 ·

175 3500 281 3557 tionem
300 3499 432 3569 fecimus
448 3500 553 3558 effecit.
597 3499 787 3559 Abstinentiae
800 3500 855 3558 erit
870 3500 923 3556 hoc
937 3499 1007 3555 satis
1026 3508 1081 3555 tes·
1103 3501 1122 3554 6

174 3579 338 3635 timonium.
397 3579 527 3636 Plurima
545 3577 661 3653 quidem
685 3577 812 3654 proferre
835 3594 1002 3654 possemus3
1033 3577 1083 3632 sed

174 3657 276 3714 modus
286 3656 466 3714 adhibendus
480 3667 532 3726 est,
542 3657 677 3731 quoniam
693 3676 750 3713 uno
764 3655 818 3713 hoe
833 3654 979 3713 volumine
995 3654 1083 3710 vitam

175 3735 384 3794 excellentium
398 3736 528 3793 virorum
542 3735 735 3810 complurium
750 3731 925 3791 concludere
939 3731 1085 3786 constitui·

654 3817 672 3868 6
