2608 4300
521 1161 756 1176 -Φ-ῌ--ο-

468 1333 782 1394 ARGUMENTUM.

167 1501 278 1558 Auctor
291 1503 433 1580 scripture
443 1521 546 1603 genua,
558 1521 610 1578 quo
624 1523 695 1561 nesta
708 1515 757 1576 eat,
772 1516 798 1564 et
811 1526 913 1578 retum,
928 1527 999 1584 qim
1010 1529 1074 1585 por·

209 1583 323 1649 secutus
337 1601 385 1660 est,
401 1573 546 1652 levitatem'
551 1606 663 1654 sacuam
679 1583 783 1656 mordm
799 1598 959 1658 &aarum
976 1611 1002 1660 et
1015 1592 1072 1660 lto.

209 1687 352 1727 ntanorum
367 1673 532 1731 diversitate

209 1837 234 1896 Ι.
258 1838 329 1898 Non
345 1839 453 1911 dubito,
467 1841 527 1900 fore
544 1843 706 1920 plerosque,
723 1847 829 1916 Attice,
845 1849 895 1922 qui
910 1848 964 1908 hoc
978 1867 1072 1928 genus
1092 1855 1108 1910 1

169 1943 320 2018 scripturae
334 1945 399 2001 leve
413 1955 442 2003 et
455 1948 598 2014 nonsatis
612 1947 732 2026 dignum
750 1969 929 2010 summorum
943 1954 1073 2012 virorum

169 2048 298 2122 personis
312 2029 453 2124 judicent,
469 2070 559 2126 quum
579 2052 702 2135 relatum
720 2053 825 2139 legent,
844 2057 909 2131 quis
929 2059 1072 2116 musicam

169 2151 299 2210 doeuerit
314 2153 545 2230 Epaminondam
554 2176 563 2228 ;
587 2167 636 2214 eut
652 2157 681 2214 in
699 2152 763 2233 eju's
777 2160 932 2218 virtutibus
946 2181 1072 2221 eomme·
1130 2233 1133 2240 Ι

165 2256 280 2326 morari,
295 2257 419 2313 saltasse
443 2275 509 2312 eum
531 2257 680 2319 commode
701 2257 884 2332 scienterque
906 2256 985 2316 tibiis
1005 2275 1073 2314 can·

165 2370 254 2418 tasse.
308 2361 369 2418 Sed
395 2360 427 2418 hi
456 2371 539 2418 erunt
567 2361 638 2434 sere⁴
665 2360 723 2436 qui,
752 2371 886 2437 expertes
914 2362 1111 2418 litterarum2
1176 2393 1179 2406 ·

168 2464 342 2535 Graecarum,
366 2455 439 2523 niiiil
464 2475 584 2535 rectum,
608 2465 667 2522 nisi
691 2465 766 2540 quod
794 2466 923 2540 ipsorum
945 2451 1073 2522 moribus

167 2570 333 2639 conveniat,
345 2572 493 2644 putabunt.
517 2571 559 2628 Hi
574 2571 600 2627 si
616 2571 778 2639 didicerint,
792 2588 851 2626 non
865 2569 969 2626 eadem
983 2567 1073 2625 omni·
1093 2571 1111 2626 ³
1206 2567 1209 2574 ’

138 2693 143 2705 ·
165 2673 220 2730 bus
236 2691 303 2729 esse
317 2672 441 2730 honesta
455 2683 538 2748 atque
548 2675 651 2750 turpia,
663 2674 716 2731 sed
731 2673 827 2752 omnia
841 2673 979 2748 majorum
993 2671 1073 2729 insti-

166 2777 237 2834 tutis
249 2775 456 2872 judicariam
471 2777 690 2848 admirabuntur,
704 2796 758 2835 nos
775 2775 806 2832 in
822 2775 973 2834 Graiorum
987 2775 1073 2834 virtu·

165 2882 243 2940 tibus
266 2881 445 2957 exponendis
466 2899 562 2940 mores
583 2901 683 2940 eorum
703 2891 831 2940 secutos.
872 2881 976 2956 Neque
995 2881 1111 2939 enimd
1200 2927 1209 2947 .

157 2984 283 3043 'Cimoni
304 2985 357 3044 fuit
376 2997 468 3061 turpe,
485 2986 711 3044 Atheniensium
731 3003 841 3044 summo
858 2985 930 3054 viro,
945 3002 1073 3042 sororem

166 3109 330 3166 germanam
350 3089 459 3148 habere
480 3091 510 3147 in
530 3066 729 3148 matrimonio:
758 3090 863 3164 quippe
885 3105 971 3162 quum
991 3089 1072 3146 cives

167 3197 230 3270 ejus
253 3195 357 3252 eodem
377 3205 525 3252 uterentur
543 3194 683 3250 instituto.
725 3195 762 3250 At
783 3194 813 3250 id
832 3191 948 3266 quidem
965 3192 1073 3250 nostris

166 3299 291 3373 moribus
302 3299 385 3370 nefas
400 3298 531 3356 habetur.
553 3298 672 3372 Magnis
684 3298 713 3356 in
727 3299 859 3356 laudibus
870 3305 929 3355 teta
942 3297 1004 3355 sere
1019 3296 1073 3356 suit
1094 3301 1112 3353 5
1210 3367 1212 3374 Ι

169 3403 291 3474 (ἒῐωοίῑι,
305 3404 448 3460 victorem
463 3402 606 3478 Olympiae
619 3391 721 3472 'citaris
742 3403 774 3461 in
789 3385 908 3460 scenam
921 3419 991 3458 vero
1009 3419 1074 3476 pro·

168 3509 229 3573 dire
245 3517 274 3566 et
290 3507 397 3583 populo
412 3525 480 3564 esee
494 3507 673 3584 spectaculo,
686 3507 796 3566 nemini
810 3509 841 3564 in
855 3507 968 3564 eisdem
982 3506 1074 3592 genti·

166 3613 221 3672 bus
248 3613 301 3672 fuit
318 3591 503 3688 'turpitudini
561 3611 633 3678 Que
662 3613 759 3670 omnia
786 3611 862 3685 apud
889 3628 943 3668 nos
971 3609 1088 3684 partimv
