2608 4300
387 389 506 454 XVIII.
551 399 580 456 2.
623 391 818 474 (Eumenes.)
1011 400 1051 458 73
1116 471 1127 482 ἢ

141 547 290 614 metimur,
306 563 364 601 non
380 543 502 608 fortuna.
544 545 623 602 Nam
637 565 727 620 quum
742 556 810 603 aetas
825 546 890 621 ejus
904 545 1050 606 iucidisset
1071 551 1091 604 2

141 627 172 680 in
187 644 222 680 ea
244 634 387 698 tempora,
402 625 507 698 quibus
529 622 701 680 Macedones
722 623 863 692 florerent,
880 625 1002 683 multum
1024 625 1051 682 ei

140 703 269 759 detraxit
291 703 367 758 inter
390 702 442 757 hos
456 702 573 770 viventi,
595 703 669 776 quod
693 703 795 759 alienae
819 713 882 759 erat
904 705 1048 776 civitatis3

139 800 239 856 neque
255 779 335 836 aliud
357 780 426 836 huic
446 779 555 850 defuit3
578 799 666 854 quam
687 799 826 857 generosa
850 783 944 858 stirps.
986 781 1050 840 Etsi
1070 785 1090 840 8

138 860 193 916 ille
218 858 376 916 domestico
389 876 502 914 summo
521 877 629 933 genere
654 869 730 915 erat:
755 870 852 916 tamen
878 859 1050 920 Macedones

139 957 212 994 eum
238 937 293 993 sibi
317 935 472 1010 aliquando
496 937 629 1012 anteponi
649 937 765 1014 indigne
787 935 934 1009 ferebant;
956 957 1049 1014 neque

138 1026 243 1072 tamen
268 1033 325 1071 non
349 1014 540 1090 patiebantur.
583 1013 726 1071 VIncebat
749 1015 827 1072 euim
850 1034 949 1072 omnes
969 1035 1049 1088 eura,

139 1093 305 1170 vigilantia,
321 1093 466 1168 patientia,
482 1092 639 1149 calliditate
654 1101 682 1148 et
691 1093 837 1149 celeritate
852 1093 970 1169 ingenii.
993 1094 1050 1154 Hie
1070 1101 1090 1154 t

142 1170 431 1247 peradolescentulus
443 1170 478 1226 ad
489 1171 645 1227 amicitiam
658 1172 780 1227 accessit
794 1170 926 1247 Philippi,
938 1173 1051 1247 Amyn.

141 1261 182 1306 tae
196 1251 258 1318 filii,
275 1250 413 1323 brevique
428 1259 555 1323 ternpore
570 1250 599 1304 in
614 1249 744 1304 intimam
761 1250 891 1324 pervenit
906 1248 1051 1308 santiliari-

142 1338 243 1384 tatem.
297 1326 443 1402 Fulgebat
466 1327 546 1382 enim
565 1327 626 1402 jam
652 1327 681 1381 in
707 1325 920 1384 adolescentulo
944 1328 1052 1387 indoles

143 1407 269 1462 virtutis.
311 1404 412 1480 Itaque
437 1423 505 1460 eum
530 1405 628 1461 habuit
648 1404 683 1460 ad
708 1422 827 1461 manum
848 1405 950 1462 scribas
972 1405 1091 1478 loco:,5

142 1484 221 1558 quod
235 1483 325 1540 multo
339 1483 416 1558 apud
438 1481 542 1538 Graios
561 1483 795 1539 honorificentius
809 1492 860 1552 est,
875 1502 962 1557 quam
977 1483 1052 1558 apud

144 1563 301 1619 Romanos.
343 1561 424 1618 Nam
438 1559 514 1635 apud
528 1579 587 1630 nos,
603 1578 705 1617 revera
718 1561 794 1617 sicut
814 1571 889 1630 sunt,
905 1580 1051 1619 mercena-

144 1643 181 1696 rii
196 1641 299 1697 scribae
313 1639 534 1710 existimantur3
557 1650 585 1695 at
603 1640 679 1714 apud
700 1638 764 1694 illos
778 1657 794 1696 e
808 1641 952 1696 contrario
965 1657 1049 1698 nemo

143 1719 180 1776 ad
196 1719 226 1775 id
240 1717 366 1775 officium
382 1717 547 1785 admittitur,
563 1717 618 1773 uisi
633 1717 749 1773 honesto
762 1717 838 1786 loco,'
849 1727 876 1774 et
894 1717 949 1774 fide
964 1728 992 1775 et
1006 1719 1047 1775 in-

142 1797 257 1854 dustria
271 1797 403 1872 cognita:
425 1794 501 1870 quod
525 1812 643 1852 necesse
658 1805 701 1852 est
722 1797 851 1852 omnium
864 1797 1049 1854 consiliorum

142 1894 213 1932 eum
229 1894 292 1931 esse
307 1875 485 1950 participem.
516 1871 604 1929 Hunc
619 1873 715 1930 locum
726 1874 816 1930 tenuit
827 1875 961 1932 amicitiae
972 1875 1047 1950 apud
1069 1879 1087 1932 6

143 1953 310 2029 Philippum
326 1971 415 2009 annos
428 1961 547 2026 septem.
589 1949 642 2008 Illo
664 1949 822 2022 interfecto,
838 1952 936 2010 eodem
955 1953 1048 2029 gradu

144 2031 202 2088 fuit
229 2032 304 2106 apud
334 2029 537 2087 Alexandrum
565 2048 654 2107 annos
681 2029 828 2087 tredecim.
883 2031 1050 2088 Novissime

143 2121 272 2186 tempore
287 2107 400 2185 praefuit
420 2108 507 2164 etiam
528 2106 625 2164 alterae
639 2109 767 2182 equitum
783 2109 846 2178 alae,
864 2127 929 2184 quae
952 2109 1047 2166 Hetae-

145 2189 208 2244 rice
230 2187 437 2262 appellabatur.
480 2185 603 2260 Utrique
625 2197 722 2242 autem
746 2186 775 2241 iu
796 2188 914 2244 consilio
936 2205 1049 2264 semper

144 2266 239 2334 affuit,
254 2277 282 2322 et
296 2266 424 2322 omniurn
439 2283 536 2320 rerum
554 2263 667 2320 habitus
681 2274 723 2320 est
737 2265 889 2340 partIceps.

187 2343 224 2401 II.
246 2343 415 2400 Alexandro
429 2341 578 2416 Babylone
592 2352 711 2410 mortuo,
721 2360 811 2416 quum
826 2361 917 2419 regna
927 2342 1050 2418 singulis
1071 2348 1086 2401 l

146 2421 340 2478 familiaribus
359 2421 586 2498 dispertirentur,
601 2429 628 2476 et
648 2439 763 2477 summa
777 2438 875 2476 rerum
890 2420 993 2477 tradita
1007 2439 1050 2476 es·

145 2510 193 2558 set
206 2499 312 2557 tuenda
326 2499 428 2568 eidem,
441 2497 489 2556 oui
504 2498 672 2555 Alexander
680 2499 804 2554 moriens
813 2497 955 2553 annulum
963 2516 1049 2554 suum

145 2578 274 2647 dederat,
302 2576 465 2634 Perdiccae:
497 2595 533 2632 ex
560 2594 618 2651 quo
645 2595 743 2632 omnes
766 2575 958 2650 conjecerant,
983 2580 1089 2632 eum2

146 2674 271 2731 regnum
285 2657 312 2712 ei
333 2655 555 2722 commendasse,
570 2653 662 2728 quoad
684 2653 768 2709 liberi
782 2653 845 2728 ejus
866 2653 896 2707 iu
910 2671 992 2708 suam
1007 2662 1049 2710 tu-

145 2735 236 2792 telam
245 2734 456 2810 pervenissent:
472 2731 605 2810 (aberant
613 2732 690 2787 enim
701 2730 839 2788 Craterus
850 2739 878 2786 et
889 2729 1049 2805 Antipater,

145 2815 198 2888 qui
213 2812 381 2870 antecedere
396 2812 474 2868 hunc
488 2808 675 2867 videbantur:
698 2815 827 2866 mortuus
840 2817 902 2864 erat
913 2807 1049 2886 Hephaes-

146 2893 195 2960 tio,
210 2909 297 2965 quem
317 2909 407 2947 unum
423 2883 599 2955 Alexander,
617 2887 691 2962 quod
708 2885 793 2944 facile
817 2886 938 2963 intelligi
947 2897 1049 2962 posset,

148 2969 267 3045 plurimi
282 2967 392 3025 fecerat
402 2968 426 3044 ς)
441 2969 495 3024 hoc
516 2976 643 3039 tempore
657 2965 723 3022 data
737 2975 779 3023 est
799 2964 925 3022 Eumeni
939 2966 1049 3041 Cappa-

147 3048 240 3115 docia,
258 3047 318 3104 sive
333 3048 426 3121 potius
446 3045 533 3101 dicta.
577 3043 655 3101 Nam
669 3054 730 3101 tum
745 3044 775 3100 in
789 3044 912 3102 hostium
927 3053 988 3100 crat
1003 3063 1048 3119 po-

148 3134 258 3182 testate.
301 3124 391 3188 Hunc
404 3123 459 3180 sibi
474 3123 626 3180 Perdiccas
641 3121 810 3197 adjunxerat
829 3140 933 3198 magno
947 3121 1048 3192 studio,
1070 3121 1088 3180 :i

148 3204 225 3278 quod
246 3204 276 3258 in
297 3203 411 3260 homine
428 3201 514 3257 fidem
528 3211 557 3259 et
577 3200 746 3258 industriam
769 3217 905 3277 magnam
919 3200 1049 3256 videbat:

149 3300 205 3338 non
220 3281 363 3349 dubitans,
378 3281 404 3335 si
427 3297 494 3336 eum
508 3279 679 3355 pellexisset,
702 3295 807 3353 magno
828 3279 893 3334 usui
918 3276 977 3334 fore
996 3278 1050 3334 sibi

98 3391 100 3395 ·
149 3360 178 3415 in
193 3361 238 3416 his
252 3359 349 3426 rebus,
364 3376 436 3431 quas
450 3358 615 3433 apparabat.
638 3355 790 3433 Cogitabat
800 3356 885 3424 euim,
900 3356 975 3432 quod
990 3355 1050 3412 fere
1097 3417 1101 3425 ¹

148 3456 247 3494 omues
261 3437 291 3492 in
306 3437 419 3510 magnis
436 3437 564 3510 Imperiis
578 3435 792 3510 concupiscunt,
807 3434 935 3490 omnium
956 3444 1051 3509 partes

89 3517 91 3520 ’
149 3517 295 3590 corripere
317 3523 403 3588 atque
424 3514 584 3588 complecti.
627 3513 733 3586 Neque
746 3531 814 3568 vero
837 3512 890 3568 hoc
910 3510 959 3566 ille
973 3511 1090 3568 solusd

150 3593 225 3662 fecit,
241 3593 291 3649 sed
314 3592 404 3648 ceteri
426 3610 539 3666 quoque
553 3608 660 3658 omnes,
676 3589 726 3666 qui
750 3588 911 3646 Alexandri
938 3587 1053 3645 fuerant

148 3673 246 3730 amici.
300 3667 415 3726 Primus
437 3669 605 3726 Leonnatus
629 3665 827 3725 Macedoniam
850 3680 1053 3740 praeoccupare

147 3750 354 3809 destinaverat.
406 3747 465 3805 Hic
489 3746 586 3804 multis
613 3745 782 3822 magnisque
803 3739 1055 3818 pollicitationibus
