2608 4300
253 376 294 434 92
456 369 577 434 XXIII.
621 379 650 446 7,
669 378 699 434 8.
746 368 950 452 (Hannibal.)

212 527 227 580 1
289 522 356 580 VII.
378 522 480 588 Quum
503 523 533 580 in
547 522 711 598 apparando
733 522 875 579 acerrime
888 531 964 579 esset
986 530 1162 598 occupatus,

248 601 503 676 Carthaginienses
525 601 633 659 bellum
656 620 724 658 cum
752 600 892 670 Romanis
919 610 1160 674 composuerunt.

249 679 302 737 Ille
324 679 414 737 nihilo
438 680 534 737 secius
557 680 699 736 exercitui
724 689 821 755 postea
843 677 968 754 praefuit,
992 697 1097 752 resque
1129 679 1161 734 in

249 756 352 814 Africa
373 759 471 834 gessit,
488 757 628 834 [itemque
650 757 737 834 Mago
752 755 843 815 frater
857 757 945 832 ejus]
961 773 1054 830 usque
1070 755 1107 814 ad
1124 756 1159 812 P.

209 837 228 890 2
248 836 411 911 Sulpicium
426 845 454 893 et
473 837 507 894 C.
524 838 680 894 Aurelium
697 836 841 894 eonsules.
884 835 942 892 His
955 836 1034 891 enim
1048 835 1159 911 magis-

248 915 370 971 tratibus
392 914 480 990 legati
502 915 756 991 Carthaginienses
778 914 901 971 Romam
924 922 1076 982 venerunt,
1106 911 1162 987 qui

248 993 361 1049 senatui
376 993 536 1070 populoque
559 993 689 1050 Romano
709 993 817 1070 gratias
840 1001 969 1068 agerent,
985 991 1062 1066 quod
1086 1011 1160 1048 cum

248 1071 293 1127 his
307 1091 407 1147 pacem
423 1071 566 1142 iecissent,
581 1072 617 1129 ob
640 1090 762 1146 eumque
786 1088 848 1127 rem
870 1088 976 1127 corona
1000 1088 1092 1126 aurea
1107 1089 1162 1126 eos

248 1149 395 1219 donarent,
410 1150 554 1224 simulque
569 1160 707 1226 peterent,
723 1162 754 1206 ut
768 1148 881 1206 obsides
895 1166 995 1206 eorum
1009 1147 1161 1226 Fregellis

209 1227 228 1282 3
248 1238 352 1295 essent,
376 1229 541 1303 captivique
563 1227 760 1286 redderentur.
803 1226 859 1283 His
883 1229 927 1283 ex'
945 1237 1064 1283 senatus
1087 1242 1157 1282 con-

247 1306 323 1362 sulto
338 1324 504 1380 responsum
519 1317 578 1362 est:
601 1324 708 1363 munus
729 1324 830 1364 eorum
850 1315 966 1380 gratum
989 1315 1158 1380 acceptum-

247 1403 304 1458 que
318 1402 399 1456 esse3
422 1382 542 1453 obsides,
560 1384 687 1459 quoloco
710 1393 853 1460 rogarent,
870 1381 1002 1454 futuros;
1024 1384 1159 1458 captivos

248 1481 305 1519 non
321 1464 498 1531 remissuroa
513 1461 589 1537 quod
614 1462 818 1530 Hannibalem,
833 1461 920 1535 eujus
936 1479 1023 1535 opera
1037 1478 1157 1535 snscep-

247 1550 309 1596 tum
325 1541 432 1597 bellum
448 1539 527 1609 soret,
542 1541 773 1597 inimicissimum
788 1539 896 1612 nomini
911 1540 1051 1608 Romano,
1068 1540 1157 1596 etiam

247 1637 326 1675 nunc
345 1637 413 1675 cum
439 1619 558 1693 imperio
572 1619 648 1695 apud
670 1619 830 1676 exercitum
855 1618 1003 1686 haberent,
1027 1617 1156 1691 itemque

209 1696 227 1748 4
248 1694 367 1752 fratrem
381 1698 445 1770 ejus
464 1697 627 1772 Magonem.
669 1695 734 1753 Hoc
750 1716 885 1772 responso
898 1697 1156 1771 Carthaginenses

246 1775 360 1848 cognito
384 1775 578 1832 Hannibalem
592 1775 709 1833 domum
731 1775 944 1852 Magonemque
967 1783 1153 1832 revocarunt.

246 1849 316 1908 Huc
332 1863 362 1909 ut
386 1853 479 1920 rediit,
495 1865 598 1929 praetor
619 1853 714 1911 factus
728 1865 780 1922 est,
796 1865 945 1930 postquam
970 1871 1023 1909 rex
1049 1852 1153 1920 fuerat,

247 1946 321 1984 anno
335 1931 462 1988 secundo
475 1942 504 1988 et
529 1933 676 1990 vicesimo.
718 1933 757 1992 Ut
781 1934 859 1990 enim
885 1931 986 1988 Rornae
1008 1930 1153 2000 consules,

247 2007 289 2062 sio
311 2007 486 2083 Carthagine
499 2011 651 2084 quotannis
665 2012 754 2067 annui
777 2010 836 2066 bini
860 2029 943 2086 reges
965 2009 1151 2067 creabantur.

207 2083 279 2141 5111
294 2104 328 2140 eo
349 2087 519 2161 magistratu
544 2089 607 2162 pari
631 2088 780 2164 diligentia
794 2109 825 2146 se
849 2088 997 2145 Hannibal
1021 2089 1151 2163 praebuit,

246 2179 282 2218 ac
297 2161 390 2219 iuerat
404 2164 433 2218 in
449 2165 533 2221 bello.
576 2167 712 2241 Namque
726 2165 831 2234 effecit,
846 2186 881 2224 ex
902 2168 984 2223 novis
1004 2167 1151 2241 vectigali·

246 2239 300 2298 bus
315 2259 369 2297 non
379 2243 471 2298 solum
483 2254 515 2301 ut
528 2256 603 2302 esset
617 2247 748 2320 pecunia,
758 2264 823 2319 quae
838 2245 977 2302 Romanis
991 2264 1027 2301 ex
1044 2243 1151 2302 foedere

246 2319 425 2393 penderetur,
441 2321 490 2376 sed
515 2323 602 2379 etiam
616 2333 787 2397 superesset,
803 2342 868 2398 quae
893 2324 923 2379 in
948 2324 1052 2380 aerario
1073 2341 1149 2398 repo

206 2398 224 2450 6
245 2407 373 2454 neretur.
414 2397 535 2468 DeInde,
551 2419 626 2457 anno
647 2411 887 2476 postpraeturam,
904 2400 1005 2458 Marco
1018 2401 1148 2470 Claudio,

244 2473 339 2532 Lucio
361 2476 450 2534 Furio
463 2476 543 2534 Coss.
559 2477 652 2534 Roma
666 2479 753 2554 legati
775 2479 982 2555 CarthagInem
997 2489 1148 2537 venerunt.

245 2552 306 2610 Hos
321 2554 468 2612 Hannibal
483 2556 529 2611 sui
543 2557 714 2630 exposcendi
728 2559 823 2636 gratia
837 2559 937 2614 missos
953 2569 1043 2627 ratuS,
1059 2558 1148 2633 prius-

244 2650 331 2704 quam
346 2633 391 2690 his
405 2643 522 2690 senatus
536 2633 662 2701 daretur,
672 2652 774 2691 navem
785 2636 953 2694 conscendit
967 2629 1054 2703 clam,
1063 2646 1148 2711 atque

204 2707 223 2760 7
244 2709 271 2764 in
288 2709 405 2783 Syriam
421 2710 456 2768 ad
472 2711 648 2768 Antiochum
664 2711 798 2788 profugit.
826 2712 891 2771 Hac
906 2731 938 2771 re
953 2714 1049 2789 palam
1064 2712 1147 2780 sucta,

244 2784 325 2842 Poeni
340 2807 429 2846 naves
443 2789 523 2859 duas,
539 2808 604 2864 quae
618 2809 686 2846 eum
701 2791 985 2866 comprehenderent,
996 2793 1020 2849 si
1036 2801 1148 2867 possent

243 2867 389 2939 consequi,
406 2868 546 2924 miserunt
556 2888 565 2938 ;
590 2868 663 2924 bona
677 2868 741 2943 ejus
766 2869 972 2943 pubIIcarunt3
995 2869 1114 2927 domurn
1131 2889 1148 2927 a

244 2939 436 3001 fundamentis
450 2945 642 3020 disjecerunt3
666 2947 760 3021 ipsum
775 2948 907 3004 exsulem
918 2948 1099 3022 judicarunt.

205 3022 220 3074 1
283 3018 364 3077 VIII.
388 3024 430 3080 At
451 3023 598 3082 Hannibal
625 3041 700 3080 anno
722 3035 792 3097 post,
807 3044 895 3100 quam
910 3026 994 3083 domo
1014 3026 1144 3103 profuge·

243 3109 296 3165 rat,
318 3096 354 3154 L.
371 3100 512 3170 Cornelio,
534 3100 643 3164 QuInto
668 3100 797 3159 Miuucic
819 3103 900 3160 Coss.
924 3123 994 3160 cum
1018 3106 1154 3180 quiaque

241 3176 364 3232 navibus
388 3177 520 3235 Africam
544 3180 667 3235 accessit
693 3180 723 3234 in
746 3179 853 3238 finibus
880 3181 1100 3254 Cyrenaeorum,
1122 3185 1144 3242 si

242 3249 313 3308 forte
327 3253 579 3329 Carthaginienses
591 3257 625 3312 ad
642 3257 749 3313 bellum
765 3259 902 3316 Antiochi
917 3279 967 3334 spe
983 3261 1144 3337 fiduciaque

241 3329 378 3385 inducere
394 3343 504 3404 posset:
526 3335 575 3389 cui
596 3335 656 3407 jam
672 3347 863 3408 persuaserat,
880 3348 910 3395 ut
929 3357 999 3395 cum
1016 3341 1142 3397 exerciti·

241 3406 338 3462 busin
354 3407 466 3464 Italiam
485 3409 723 3483 proficisceretur.
766 3413 835 3470 Huc
856 3414 1013 3491 Magonem
1029 3417 1143 3476 fratrem

201 3489 220 3541 2
241 3485 357 3542 exolvit.
412 3485 443 3543 Id
469 3487 518 3542 ubi
540 3487 622 3544 Poeni
645 3491 833 3559 resciverunt,
857 3491 1011 3569 Magonem
1037 3497 1147 3567 eadem,

240 3581 298 3636 qua
313 3560 439 3631 fratrem,
455 3564 600 3620 absentem
617 3567 885 3638 poenaaffecerunt.
929 3571 975 3628 Illi
990 3573 1157 3650 desperatis
1207 3637 1209 3641 ,
1282 3581 1283 3585 ’

241 3640 327 3695 rebus
349 3657 439 3713 quum
461 3640 612 3696 solvissent
633 3660 732 3711 naves,
747 3664 781 3701 ao
797 3647 862 3703 vela
877 3652 970 3708 ventis
993 3652 1141 3725 dedissent,

240 3715 387 3772 Hannibal
403 3717 438 3773 ad
452 3717 630 3774 Antiochum
645 3723 784 3793 pervenit.
821 3722 866 3782 De
882 3725 1016 3805 Magonis
1030 3732 1141 3791 interitu
1185 3772 1188 3782 ·
