2710 4300
292 388 402 456 XXV.
449 403 483 470 4,
501 403 535 460 5.
587 395 643 479 (Τ.
655 394 850 480 Pomponius
861 397 1010 478 autea)
1075 403 1117 466 99

192 540 263 598 euim
274 543 303 600 in
317 547 400 604 omni
416 550 637 623 procuratione
648 549 815 626 reipublicae
824 561 949 608 actorem
959 561 1118 610 auctorem·

191 621 427 692 quehabebant.
485 628 585 706 Igitur
609 631 734 706 pumum
759 627 830 686 illud
855 647 961 688 munus
986 628 1157 700 sceneca

190 699 259 789 qued
273 702 303 756 in
318 721 355 760 ea
371 707 570 780 potissimum
583 709 656 766 urbe
670 719 756 766 natus
768 717 820 776 est,
830 709 859 766 in
873 709 1116 784 quadotnicilium

188 777 259 835 orbis
273 789 427 841 terrarum
452 798 537 845 esset
551 787 676 869 imperii,
692 797 724 844 ut
742 787 873 844 eamdem
887 797 914 844 et
929 788 1051 866 patriam
1066 789 1115 846 ha·

188 852 262 914 beret
276 869 305 916 et
326 861 455 921 domum
469 885 479 938 3
507 867 561 924 hoc
577 867 724 940 specimen
746 865 911 942 prudentiae,
925 865 1010 942 quod,
1024 885 1115 942 quum

187 933 214 1025 iu
228 954 292 992 eam
312 959 345 996 se
361 943 526 1002 civitatem
546 944 724 1014 contulisset,
739 963 804 1019 quta
821 944 999 1020 antiquitate,
1015 945 1115 1004 huma·

185 1019 280 1104 nitate,
297 1017 444 1080 doctrina
461 1033 615 1100 praestaret
628 1040 735 1094 omnes,
752 1040 828 1080 unus
841 1023 869 1080 ei
890 1033 956 1082 ante
970 1023 1041 1082 alios
1056 1023 1114 1082 fue·

186 1103 219 1148 rtt
232 1097 427 1157 carissimus.

222 1171 276 1229 IV·
306 1175 384 1235 Huc
413 1199 457 1238 ex
488 1182 563 1238 Asia
591 1179 675 1238 Sulla
701 1179 844 1239 decedens
863 1197 954 1256 quum
980 1181 1113 1250 venisset,
1137 1185 1151 1240 1

185 1253 325 1322 quamdiu
357 1257 404 1314 ibi
438 1259 504 1330 fuit,
534 1277 637 1317 aecum
662 1260 762 1316 habuit
790 1257 989 1334 Pomponium,
1012 1271 1115 1336 ceptus

185 1328 384 1392 adolescentis
400 1348 436 1396 et
450 1339 632 1396 humanitate
647 1347 675 1396 et
688 1337 828 1396 doctrina.
854 1337 903 1395 Sic
918 1338 994 1394 enim
1010 1339 1114 1396 Graece

115 1467 117 1472 .
184 1405 375 1484 loquebatur,
393 1427 433 1474 ut
454 1418 580 1475 Athenis
601 1427 687 1474 natus
703 1416 859 1474 videretur.
901 1415 998 1474 Tanta
1015 1429 1113 1476 autem

184 1490 318 1548 suavitas
333 1505 408 1552 erat
433 1497 574 1554 sermonis
588 1495 695 1566 Latini,
717 1505 747 1554 ut
769 1507 930 1572 appareret,
951 1496 978 1552 in
994 1515 1029 1554 eo
1043 1497 1112 1554 nati·

185 1581 253 1623 vum
269 1574 444 1644 quemdam
458 1575 585 1652 leporem
600 1593 672 1643 esse,
688 1593 744 1632 non
759 1573 913 1632 adscitum.
956 1573 1035 1632 ldem
1051 1581 1112 1650 pot*-

186 1656 264 1704 mata
279 1653 498 1724 pronuntiabat
512 1663 541 1712 et
565 1671 661 1730 grace
676 1663 705 1710 et
726 1653 813 1711 latine
827 1653 880 1718 sic,
896 1663 1028 1728 utsupra
1042 1653 1112 1712 nihil

187 1738 283 1795 posset
298 1730 386 1788 addi.
412 1731 528 1797 Quibus
542 1733 630 1789 rebus
642 1730 814 1799 factumest,
827 1741 858 1788 ut
871 1729 955 1788 Sulla
970 1749 1112 1806 nusquam
1133 1735 1152 1790 2

188 1799 288 1882 [eum]
317 1810 417 1868 ab'se
440 1811 603 1879 dimitteret,
632 1821 807 1886 cuperetque
828 1827 929 1868 seeum
957 1809 1110 1868 deducere.

188 1879 250 1944 Qui
265 1905 366 1961 quurn
384 1890 560 1965 persuadere
575 1899 706 1958 tentaret,
721 1891 786 1958 noli,
806 1901 854 1946 ero
875 1897 910 1958 te,
926 1889 1017 1964 inquit
1032 1889 1111 1947 Pem-

162 2010 164 2014 .
190 1963 307 2035 penius,
323 1970 479 2026 adversum
493 1987 540 2026 eea
553 1986 594 2025 me
608 1969 678 2026 aelle
692 1970 801 2037 timere,
816 1986 878 2024 eum
891 1967 989 2042 quibas
1002 1987 1036 2026 ne
1050 1987 1111 2026 emt·

192 2046 236 2129 ῑζα
251 2051 278 2100 te
290 2045 503 2123 amusement,
519 2045 631 2104 Italiam
644 2045 755 2123 reliqui.
787 2047 828 2104 At
842 2045 933 2116 Sulla,
949 2047 1110 2104 adolescen·

193 2125 230 2175 trs
252 2124 356 2184 officio
379 2125 553 2192 collaudato,
574 2127 671 2183 omnia
696 2143 816 2183 munera
839 2126 875 2194 ei,
897 2143 962 2200 quse
989 2126 1111 2184 Athenis

195 2215 366 2278 acceperat,
391 2205 578 2280 proficiscens
595 2203 681 2279 jussit
703 2202 820 2261 deferri.
866 2203 925 2262 Hie
948 2205 1112 2279 complures
1133 2207 1151 2260 8

197 2294 291 2339 anuos
306 2293 446 2352 moratus,
463 2301 552 2356 quum
567 2293 596 2340 et
618 2283 659 2341 rei
681 2282 816 2341 familiari
831 2293 941 2340 tantum
955 2301 1050 2359 operat
1063 2282 1111 2340 da·

198 2367 252 2427 ret,
279 2372 424 2438 quantum
449 2379 504 2418 non
527 2361 680 2440 indiligens
704 2361 821 2420 deberet
843 2360 1062 2438 paterfamiliae,
1084 2371 1112 2418 et

199 2441 297 2496 omnia
320 2441 435 2516 reliqua
460 2451 588 2517 tempora
609 2453 660 2499 aut
684 2441 794 2510 litteris,
817 2451 867 2498 aut
888 2439 1111 2498 Atheniensium

202 2517 373 2594 reipublicae
394 2519 541 2589 tribueret,
562 2519 749 2577 nihilominus
771 2519 873 2576 amicis
888 2519 1000 2575 urbana
1014 2515 1110 2574 officia

201 2598 343 2668 praestitit.
387 2598 466 2654 Nam
490 2607 519 2656 et
541 2597 577 2655 ad
599 2599 715 2655 comitia
738 2615 838 2654 eorum
854 2595 1013 2663 ventitavit,
1029 2603 1065 2664 et,
1087 2595 1151 2653 sid

202 2691 261 2749 qua
285 2695 333 2733 res
357 2677 449 2752 major
472 2688 539 2734 aeta
563 2687 614 2745 eat,
628 2695 685 2734 non
710 2675 801 2734 defuit
808 2696 816 2747 ;
839 2676 915 2732 siout
935 2673 1067 2731 Ciceroni
1082 2674 1112 2732 in

203 2755 337 2812 omnibus
351 2755 442 2831 [ejus]
458 2755 595 2831 periculis
608 2755 786 2831 singularem
801 2754 887 2811 fidem
902 2752 1039 2828 praebuit:
1063 2754 1112 2812 cui

204 2851 240 2888 ex
256 2835 351 2909 patria
365 2833 486 2910 fugienti
501 2833 588 2892 LLS.
604 2833 729 2891 ducenta
743 2843 771 2890 et
791 2833 1002 2909 quinquaginta
1020 2831 1113 2890 millia

203 2911 329 2971 donavit.
386 2913 599 2988 Tranquillatis
623 2923 732 2970 autem.
746 2912 832 2970 rebus
857 2911 1003 2980 Romanis,
1029 2912 1152 2969 remi-b

135 3053 138 3058 y
203 2992 298 3066 gravit
313 2990 445 3060 Romam,
458 3001 490 3048 ut
497 2993 606 3067 opinor,
618 2989 655 3048 L.
665 2991 749 3048 Cotta
756 3002 784 3049 et
798 2989 835 3047 L.
847 2989 993 3064 Torquato
1002 2989 1111 3048 Consu·

203 3068 298 3126 libus:
319 3088 405 3144 quern
421 3069 497 3127 diem
506 3072 550 3128 sic
561 3069 696 3126 universa
708 3070 809 3127 civitas
818 3069 1041 3128 Atheniensium
1051 3087 1111 3144 pro·

204 3159 305 3204 secuta
320 3159 370 3217 est,
382 3159 413 3204 ut
427 3149 557 3206 lacrimis
567 3147 700 3207 desiderii
716 3147 805 3206 futuri
819 3148 946 3206 dolorem
960 3146 1110 3204 indicaret.

245 3226 283 3282 V.
307 3225 443 3284 Habebat
465 3227 644 3285 avunculum
667 3228 706 3292 Q.
723 3227 884 3294 Caecilium,
906 3225 1030 3300 equitem
1056 3225 1111 3284 Ro-
1135 3230 1149 3283 1

205 3321 334 3375 manum,
350 3305 523 3362 familiarem
538 3304 574 3362 L.
592 3303 721 3374 Luculli,
737 3305 863 3373 divitem,
878 3303 1048 3362 difficillima
1062 3323 1111 3361 na·

205 3393 288 3440 tura:
310 3383 396 3459 eujus
410 3385 452 3441 sie
467 3386 650 3460 asperitatem
666 3384 775 3441 veritus
796 3394 847 3453 est,
864 3393 903 3452 ut,
918 3402 1005 3458 quem
1029 3401 1113 3440 nemo

207 3459 282 3518 ferre
302 3471 404 3537 posset,
420 3463 507 3538 hujus
521 3462 582 3519 sine
597 3462 752 3520 offensione
767 3463 804 3519 ad
824 3479 968 3518 summam
982 3471 1111 3518 senectu-

206 3550 264 3596 tem
278 3541 428 3597 retinuerit
450 3541 689 3598 benevolentiam.
732 3541 800 3606 Quo
823 3540 899 3597 facto
913 3540 978 3596 tulit
1000 3537 1113 3616 pietatis

208 3615 345 3676 fructum.
387 3619 524 3676 Caeeilius
538 3619 614 3676 enim
629 3620 753 3676 moriens
777 3627 947 3678 testamento
969 3615 1153 3690 adoptante

207 3711 285 3766 eum,
299 3696 494 3773 heredemque
509 3696 578 3754 fecit
597 3717 633 3756 ex
647 3697 803 3756 dodrante:
825 3713 863 3754 ex
884 3711 943 3768 qua
956 3691 1113 3750 hereditate

208 3776 321 3851 aceepit
335 3777 452 3833 circiter
465 3776 575 3832 centies
589 3774 676 3832 LLS.
719 3775 792 3832 Erat
814 3780 904 3844 nupta
917 3787 997 3826 soror
1022 3768 1113 3826 Attici
1135 3771 1153 3825 3
1239 3781 1246 3794 ·
