2710 4300
312 420 432 486 XXV.
479 430 507 496 8,
524 427 552 484 9.
600 419 651 504 (Τ.
668 419 864 502 Pomponius
879 419 1027 500 Atticus.)
1068 425 1124 484 101

204 593 323 633 summa
338 595 414 634 cum
429 577 495 651 ejus
508 573 664 632 offensione
686 573 763 632 donri
786 583 997 630 remanserunt.
1040 573 1129 632 Attici
1150 579 1169 632 8

204 663 304 710 autem
319 657 412 731 quies
426 664 573 732 tantopere
588 653 697 711 Caesari
712 651 766 712 init
780 661 871 728 grata,
883 664 922 720 ut,
935 653 1028 711 victor
1037 671 1129 728 quum

203 733 331 808 privatis
358 734 503 810 pecunias
527 750 578 808 per
592 731 726 808 epistolas
747 731 910 807 imperaret,
926 731 994 788 huic
1008 751 1064 790 non
1085 751 1128 790 so·

202 810 266 874 lum
282 812 434 870 molestus
453 829 510 867 non
525 808 622 879 fuerit,
638 810 687 868 sed
709 811 796 868 etiam
811 811 915 867 sororis
930 809 1023 867 lilium
1037 820 1065 868 et
1088 811 1127 876 Q.

202 889 388 948 Ciceronem
407 909 447 948 cx
472 888 598 966 Pompeii
621 889 724 947 castris
738 889 924 946 concesserit.
965 889 1015 947 Sic
1031 898 1128 948 vetere

202 969 340 1026 instituto
357 971 427 1026 vitae
441 968 541 1044 effugit
555 987 630 1026 nova
645 966 785 1042 pericula.

243 1047 333 1105 Vlll.
376 1049 517 1104 Secutum
546 1059 589 1105 cst
613 1046 696 1103 illud.
751 1045 857 1104 Occiso
883 1045 1009 1116 Caesare,
1037 1051 1165 1122 quuml

202 1126 381 1200 respublica
390 1145 478 1202 penes
490 1125 594 1183 Brutos
604 1124 819 1183 videreturesse
829 1135 857 1182 et
871 1124 1014 1194 Cassium,
1024 1145 1059 1183 ac
1068 1136 1126 1184 tota

202 1205 313 1262 civitas
338 1225 372 1262 se
387 1205 424 1262 ad
439 1224 488 1262 eos
502 1205 676 1262 convertisse
699 1204 891 1280 [videretur]:
913 1205 956 1265 sic
979 1204 1020 1260 M.
1037 1204 1127 1262 Bruto
1148 1207 1167 1261 2

203 1301 279 1340 usus
305 1295 363 1353 est,
388 1294 420 1340 ut
444 1284 526 1341 nullo
550 1283 600 1340 ille
624 1283 790 1340 adolescens
813 1283 920 1357 aequali
945 1282 1126 1349 familiarius,

201 1379 297 1435 quam
323 1363 381 1420 hoc
405 1381 484 1431 senc,
508 1380 603 1436 neque
626 1362 719 1420 solum
744 1379 812 1420 eum
834 1362 993 1439 principem
1014 1360 1127 1420 consilii

204 1439 345 1510 haberet,
368 1442 419 1498 sed
443 1443 530 1498 etiam
556 1443 586 1498 in
612 1441 759 1498 convictu.
811 1440 1016 1518 Excogitatum
1041 1451 1084 1500 est
1109 1443 1167 1497 all
1212 1493 1218 1506 ,

203 1520 398 1594 quibusdam,
409 1531 441 1578 ut
456 1521 599 1596 privatum
611 1520 746 1576 aerariurn
755 1519 881 1578 Caesaris
896 1518 1127 1576 interfectoribus

204 1598 242 1654 ab
269 1599 424 1675 equitibus
448 1599 588 1656 Romanis
611 1599 843 1656 constitueretur.
886 1596 917 1654 Id
944 1596 1030 1654 facile
1050 1596 1127 1654 effici

205 1694 293 1752 posse
306 1679 441 1736 arbitrati
452 1687 528 1746 sunt,
540 1678 564 1734 si
575 1687 603 1734 et
619 1678 763 1753 principes
774 1677 854 1734 illius
865 1675 973 1732 ordinis
985 1677 1126 1752 pecunias

205 1757 414 1814 contulissent.
457 1755 558 1831 Itaque
579 1757 742 1832 appellatus
754 1766 797 1812 est
822 1775 840 1812 a
864 1756 898 1812 C.
916 1754 1027 1826 Flavio,
1042 1755 1126 1814 Bruti

207 1832 364 1904 familiari,
380 1836 506 1902 Atticus,
523 1845 553 1892 ut
574 1835 638 1909 ejus
653 1835 698 1908 rai
718 1836 850 1911 princeps
865 1853 928 1892 esse
943 1833 1041 1892 vellet.
1084 1836 1126 1893 At
1146 1835 1166 1892 4

206 1912 270 1982 ille,
286 1915 341 1989 qui
353 1914 451 1972 officia
466 1914 568 1971 amicis
589 1913 751 1989 prestanda
764 1913 826 1970 sine
841 1912 964 1970 factione
979 1915 1125 1971 existima-

208 2002 263 2060 ret,
279 2009 453 2068 semperque
469 2012 486 2050 a
505 1993 612 2049 talibus
626 2011 657 2050 se
672 1992 799 2050 consiliis
820 1991 996 2061 removisset,
1012 2011 1124 2068 respon·

208 2070 268 2128 dit:
300 2073 327 2128 si
349 2072 417 2148 quid
441 2071 550 2129 Brutus
569 2071 604 2128 de
619 2071 680 2127 suis
704 2069 890 2128 facultatibus
914 2072 956 2128 uti
978 2071 1125 2140 voluisset,

212 2138 507 2225 usurumsquantum
531 2151 575 2208 hae
597 2159 782 2226 paterentur3
805 2169 836 2206 se
858 2167 952 2225 neque
967 2168 1035 2207 curn
1056 2169 1124 2226 quo-

209 2246 304 2302 quam
320 2229 451 2286 decere
466 2229 689 2298 collocuturum,
705 2245 799 2303 neque
814 2228 968 2286 coiturum.
1010 2229 1061 2286 Sic
1075 2229 1125 2287 ille

211 2309 411 2365 consensionis
435 2306 538 2383 globus
560 2307 648 2383 hujus
672 2307 758 2364 unius
785 2305 960 2364 dissensione
988 2306 1126 2382 disiectus

210 2398 266 2444 est.
312 2386 417 2460 Neque
433 2387 523 2444 multo
547 2395 609 2463 post
631 2386 763 2464 superior
777 2405 839 2444 esse
861 2387 949 2461 coepit
971 2387 1124 2454 Antonius,
1146 2389 1165 2442 5

212 2466 254 2521 ita
277 2475 315 2522 ut
331 2463 441 2522 Brutus
465 2475 493 2523 et
515 2465 643 2531 Cassius,
659 2465 882 2540 provinciarum,
898 2482 963 2540 quta
984 2465 1021 2521 iis
1045 2465 1126 2521 necis

213 2559 307 2602 causa
321 2543 395 2602 datae
409 2554 491 2600 erant
506 2561 523 2599 a
538 2543 716 2612 consulibus,
731 2543 889 2618 desperatis
910 2543 1005 2610 rebus,
1028 2542 1057 2598 in
1076 2561 1124 2599 ex·

212 2624 313 2680 silium
337 2623 598 2698 proficiscerentur.
642 2623 768 2690 Atticus,
790 2622 840 2695 qui
864 2621 1016 2696 pecuniam
1038 2621 1124 2678 simul
1146 2623 1165 2677 tt

213 2721 284 2758 cum
298 2703 405 2758 ceteris
419 2699 550 2758 conferre
570 2701 702 2759 noluerat
723 2701 834 2758 florenti
848 2699 891 2756 illi
914 2699 997 2774 parti,
1013 2699 1124 2776 abjecto

213 2779 306 2838 Bruto
333 2778 475 2854 Italiaque
497 2779 610 2837 cedenti
639 2779 725 2838 LLS.
749 2789 865 2837 centum
895 2776 987 2836 millia
1011 2779 1125 2835 muneri

214 2860 303 2916 misit.
353 2855 458 2916 Eidem
482 2860 511 2914 in
536 2857 627 2934 Epiro
649 2858 752 2916 absens
776 2866 906 2915 trecenta
930 2857 1016 2933 jussit
1038 2857 1122 2930 dari3

213 2955 309 3012 neque
324 2957 358 2994 eo
372 2937 465 3012 magis
480 2938 585 3012 potenti
600 2937 736 2995 adulatus
750 2946 793 2994 est
805 2937 939 3006 Antonio,
955 2955 1048 3012 neque
1062 2936 1124 2994 des-

214 3026 328 3091 peratos
344 3015 470 3090 reliquit.

254 3094 307 3152 IX.
330 3094 471 3151 Secutum
487 3103 531 3152 est
552 3094 661 3152 bellum
675 3104 790 3171 gestum
804 3093 881 3169 apud
897 3092 1048 3150 Mutinam.
1090 3092 1122 3152 In
1147 3097 1161 3152 1

214 3192 271 3247 quo
285 3175 309 3230 si
331 3183 443 3230 tantum
458 3192 525 3230 eum
548 3173 719 3248 prudentem
734 3173 839 3240 dicam,
854 3173 958 3240 minua,
974 3189 1062 3246 quam
1076 3171 1123 3230 da-

214 3251 308 3321 beam,
328 3251 494 3327 praedicem,
509 3270 599 3326 quum
615 3252 664 3309 ille
680 3253 773 3329 potius
787 3249 902 3307 divinus
918 3249 1022 3308 fuerit:
1044 3252 1069 3308 si
1083 3251 1123 3310 di-

215 3331 322 3388 vinatio
337 3330 510 3407 appellanda
531 3341 574 3388 est
599 3341 738 3408 perpetua
759 3330 901 3386 naturalis
924 3331 1043 3400 bonitas,
1059 3350 1125 3407 quae

213 3409 302 3466 nullis
325 3409 441 3466 casibus
463 3427 557 3484 neque
581 3411 687 3484 agitur,
711 3427 806 3484 neque
834 3409 984 3480 minuitur.
1026 3408 1164 3467 Hostis2

218 3487 361 3544 Antonius
385 3487 534 3562 judicatus
562 3487 646 3545 Italia
673 3497 821 3557 cesserat;
860 3505 926 3563 spes
954 3481 1125 3546 restituendi

214 3567 297 3622 nulla
320 3575 393 3623 erat.
436 3565 502 3623 Non
518 3565 610 3623 solum
627 3566 719 3642 [ejus]
740 3565 859 3634 inimici,
883 3567 933 3640 qui
956 3576 1017 3623 tum
1041 3574 1125 3622 erant

214 3645 406 3719 potentissimi
420 3655 448 3700 et
473 3644 600 3719 plurimi,
616 3645 665 3701 sed
686 3646 783 3714 etiam,
798 3645 848 3720 qui
874 3644 1047 3700 adversariis
1061 3643 1125 3718 ejus

213 3723 376 3792 sedabant,
392 3733 421 3780 et
443 3723 472 3778 in
487 3742 521 3779 eo
543 3722 672 3780 laedendo
693 3723 821 3797 aliquam
834 3731 1043 3779 consecuturos
1063 3717 1123 3796 [se]

213 3802 369 3876 sperabant
382 3800 669 3870 commendationem,
685 3801 804 3858 Antonii
819 3798 978 3856 familiares
991 3797 1123 3872 inseque-

671 3879 706 3936 9*
