2608 4300
246 327 287 386 80
482 319 573 384 XIX.
620 328 691 395 1,2.
737 319 915 403 (Phocion.)

242 474 405 549 repulisset,
434 475 537 549 partim
566 473 766 543 interfecisset,
795 485 899 549 captus
925 494 981 534 non
1010 476 1159 554 Antigoni

243 553 358 622 virtute,
374 552 424 613 sed
451 551 642 609 Macedonum
666 552 802 626 perjurio,
817 553 904 610 talem
925 554 1025 612 habuit
1039 556 1157 612 exitum

203 634 222 687 2
243 631 318 686 vitae.
361 631 394 688 In
408 648 465 705 quo
485 639 595 707 quanta
610 629 697 686 fuerit
717 631 845 688 omnium
859 633 953 708 opinio
974 652 1084 702 eorum,
1101 635 1157 709 qui

242 717 304 784 post
319 707 519 766 Alexandrum
536 708 677 784 Magnum
699 727 782 785 reges
796 718 863 766 sunt
884 711 1029 785 appellati,
1044 730 1080 768 ex
1096 713 1156 768 hoe

243 786 380 844 facillime
395 796 485 862 potest
502 787 639 862 judicari,
655 787 729 861 quod
750 805 843 856 nemo,
858 787 992 845 Eumene
1007 791 1081 858 vivo,
1098 809 1154 846 rex

202 867 221 922 3
244 864 404 940 appellatus
418 874 469 934 est,
480 865 530 922 sed
545 863 715 941 praefectus3
732 865 818 922 iidem
833 877 894 941 post
908 866 995 942 hujus
1009 887 1152 943 occasum

241 943 337 1000 statim
362 945 476 1020 regium
500 952 634 1000 ornatum
659 959 819 1018 nomenque
844 955 1018 1014 sumserunt,
1043 964 1151 1020 neque,

240 1020 317 1096 quod
342 1023 424 1078 initio
448 1021 649 1097 praedicarant,
673 1041 703 1078 se
719 1021 881 1079 Alexandri
903 1021 1002 1079 liberis
1023 1043 1151 1099 regnum

240 1117 367 1169 servare,
383 1110 519 1176 praestare
533 1101 695 1168 voluerunt,
717 1110 753 1169 et,
770 1118 827 1156 uno
849 1111 1057 1177 propugnatore
1080 1103 1150 1158 sub-

241 1177 308 1247 lato,
323 1179 393 1254 quid
407 1179 553 1247 sentirent,
569 1189 755 1254 aperuerunt.
798 1178 895 1252 Hujus
909 1179 1028 1236 sceleris
1042 1180 1158 1254 princi-'

240 1274 291 1331 pes
313 1256 431 1315 fuerunt
452 1257 625 1334 Antigonus
648 1255 828 1325 Ptolemoeus,
844 1257 995 1326 Seleucus,
1011 1257 1148 1332 Lysima-

201 1335 506 1404 lchuS,Cassander.
542 1335 816 1412 Antigonusautem
827 1334 990 1392 Eumenem
1002 1346 1149 1392 mortuum
1230 1398 1234 1415 ι

240 1415 407 1490 propinquis
429 1413 493 1488 ejus
507 1413 705 1488 sepeliendum
729 1413 856 1471 tradidit.
898 1413 939 1470 Hi
964 1415 1082 1470 militari
1098 1414 1146 1470 ho-

240 1502 322 1550 nesto
356 1491 468 1560 funere,
497 1492 652 1549 comitante
686 1501 743 1548 toto
773 1493 913 1561 exercitu,
943 1493 1146 1560 humaverunt,

239 1589 362 1646 ossaque
378 1571 441 1646 ejus
455 1570 483 1626 in
500 1569 714 1645 Cappadociam
728 1569 764 1626 ad
786 1580 909 1628 matrem
924 1581 1010 1646 atque
1026 1588 1147 1628 uxorem

240 1647 403 1725 liberosque
418 1649 482 1723 ejus
496 1648 672 1724 deportanda
686 1659 838 1706 curarunt.

427 2053 567 2126 XIX.
622 2055 953 2128 PHOCION.

617 2229 775 2253 ...t-.-

202 2355 216 2407 1
279 2349 302 2407 l.
325 2348 460 2420 Phocion,
475 2349 664 2422 Atheniensis,
680 2353 733 2410 etsi
754 2371 829 2428 saepe
843 2353 1018 2410 exercitibus
1031 2353 1143 2430 praefuit

239 2447 425 2504 summosque
448 2431 634 2507 magistratus
654 2431 739 2506 cepit,
761 2441 858 2488 tamen
873 2431 962 2487 multo
976 2433 1039 2506 ejus
1054 2434 1144 2489 notior

238 2507 389 2584 integritas
404 2509 478 2578 vitae,
494 2525 582 2583 quam
598 2510 640 2566 rei
662 2509 795 2566 militaris
810 2509 900 2566 labor.
942 2509 1042 2585 Itaque
1057 2511 1143 2585 hujus

238 2587 378 2644 memoria
392 2598 434 2644 est
457 2588 547 2656 nulla,
570 2586 649 2646 illius
671 2597 768 2644 autem
790 2607 895 2664 magna
920 2587 1015 2644 sama:
1037 2609 1073 2645 ex
1087 2609 1143 2664 quo

198 2667 218 2720 2
238 2665 407 2740 cognomine
430 2666 529 2723 Bonus
549 2675 593 2723 est
615 2665 785 2742 appellatus.
827 2665 896 2723 Fuit
916 2668 993 2724 enim
1007 2677 1142 2744 perpetuo

238 2760 356 2817 pauper,
366 2763 457 2818 quum
471 2745 660 2802 divitissimus
670 2764 732 2802 esse
747 2755 841 2820 posset
855 2755 970 2822 propter
979 2744 1141 2820 frequentes

238 2817 346 2876 delatos
361 2822 482 2879 honores
503 2831 713 2898 potestatesque
727 2841 866 2892 summas,
879 2842 945 2897 q-uae
963 2823 991 2880 ei
1007 2843 1027 2879 a
1041 2824 1142 2899 populo

198 2895 390 2956 3dabantur.
433 2899 492 2957 Hie
513 2919 604 2976 quum
620 2920 637 2958 a
652 2920 721 2978 rege
743 2901 873 2977 Philippo
888 2920 1012 2958 munera
1031 2921 1141 2978 magnae
1175 2944 1177 2949 ·

237 2977 370 3048 pecuniae
384 2979 558 3053 repudiaret,
574 2979 720 3055 legatique
742 2980 923 3036 hortarentur
942 2981 1085 3056 accipere,
1106 2981 1139 3036 si·

154 3085 157 3090 ,
238 3053 356 3128 mulque
382 3056 575 3128 admonerent,
591 3059 615 3113 si
637 3058 698 3132 ipse
722 3058 766 3114 his
792 3057 877 3116 facile
900 3068 1022 3132 careret,
1045 3059 1140 3115 liberis

237 3137 334 3188 tamen
348 3134 408 3189 suis
430 3137 613 3210 prospiceret,
629 3135 734 3210 quibus
756 3135 872 3193 difficile
889 3146 963 3193 esset
985 3139 1014 3192 in
1029 3155 1140 3194 summa

197 3213 217 3266 4
237 3219 405 3283 paupertate
430 3221 539 3269 tantam
564 3223 714 3289 paternam
739 3215 814 3271 tueri
838 3215 979 3290 gloriam:
1012 3215 1057 3272 his
1081 3215 1138 3285 ille,

164 3358 168 3363 ι
189 3310 195 3320 -
236 3288 263 3342 si
286 3289 340 3342 mei
359 3289 463 3345 similes
483 3301 571 3360 erunt,
587 3295 659 3350 idem
674 3292 727 3360 liic,
743 3293 843 3366 inquit,
859 3295 967 3368 agallim
991 3295 1055 3350 illos
1078 3294 1138 3362 alet,

166 3433 178 3442 ..
227 3366 230 3372 ’
273 3367 338 3422 ime
353 3367 390 3421 ad
405 3367 475 3422 iano
497 3370 656 3444 dignitatem
673 3372 804 3442 perducit
815 3391 828 3438 ;
850 3375 894 3428 sin
915 3373 1065 3430 dissimiles
1078 3381 1139 3429 sont

220 3440 343 3519 esaion,
356 3445 419 3500 nolo
432 3449 499 3502 meis
509 3451 641 3520 impensis
654 3451 764 3506 tttorom
779 3451 819 3506 ali
831 3445 981 3524 augenque
993 3451 1136 3507 lusoriam.

198 3527 213 3578 1
277 3520 314 3578 ll.
338 3520 417 3578 Idem
437 3542 528 3598 quum
552 3544 638 3600 prope
653 3527 689 3583 ed
714 3545 821 3583 annum
836 3530 1043 3604 octogesimum
1064 3547 1136 3603 pros

212 3623 214 3628 ¹
237 3616 307 3672 pera
321 3601 497 3672 pervenisset
518 3601 641 3670 fortuna,
657 3605 793 3661 extremis
814 3607 989 3680 temporibus
1003 3625 1136 3682 magnum

197 3679 216 3732 2
236 3675 267 3732 in
287 3674 384 3732 odium
407 3679 538 3752 pervenit
558 3695 676 3735 suorum
690 3681 810 3738 civium.
854 3683 958 3753 Primo,
973 3683 1049 3759 quod
1072 3703 1135 3741 cum
