2710 4300
287 389 402 454 XXV.
452 400 500 466 ll,
520 399 566 456 12.
608 391 660 476 (T.
677 391 872 478 Pomponius
887 395 1034 478 Atticas.)
1061 401 1120 462 lua

201 541 236 599 de
255 545 494 622 proscriptorum
508 564 628 605 numero
648 547 801 606 exemisse.
846 549 900 617 Ac,
915 566 951 606 ne
965 547 1041 625 quod
1062 549 1121 626 [in]

200 623 370 695 periculum
395 625 547 693 incideret,
570 625 645 702 quod
671 636 758 684 noctu
782 627 877 697 fiebat,
904 627 1069 702 praesidium
1093 629 1121 686 ei

198 701 286 757 misit.
320 701 376 760 Sic
393 704 514 762 Atticus
528 705 556 760 in
573 721 685 762 summo
696 705 797 762 timore
811 723 867 764 non
883 705 976 764 solum
990 707 1053 778 sibi,
1068 706 1119 764 sed
1140 711 1160 765 5

198 779 286 836 etiam
299 781 341 850 ci,
358 800 452 856 quem
467 783 799 852 carissimumhababat,
815 783 946 860 praesidio
961 783 1024 842 suit.
1060 787 1119 844 Ne·

197 874 254 930 que
270 861 354 915 enim
373 879 438 918 sua
453 861 545 920 solum
560 880 578 918 a
591 849 737 938 quoquam
758 862 900 920 auxilium
915 865 995 938 petiit
1007 864 1118 933 salutis,

196 935 246 992 scd
262 939 471 1013 conjunctim:
493 950 525 996 ut
538 950 698 1016 appareret,
713 939 825 998 nullam
839 941 1000 1016 sejunctam
1014 943 1067 1000 sibi
1082 944 1119 1000 ab

196 1031 232 1070 co
243 1015 322 1073 valle
339 1016 500 1078 fortunam.
543 1018 628 1083 Quod
642 1019 667 1074 si
680 1019 856 1096 gubernator
872 1020 1018 1096 praecipua
1032 1020 1118 1080 laude
1138 1025 1157 1080 6

197 1089 303 1164 fertur,
320 1097 378 1172 qui
402 1114 508 1154 navem
523 1115 559 1154 ex
584 1095 679 1154 hieme
695 1098 826 1172 marique
837 1098 986 1174 scopuloso
1005 1110 1117 1157 servat:

196 1189 253 1227 cur
275 1192 338 1231 non
364 1175 526 1251 singularis
549 1177 613 1251 ejus
636 1175 816 1232 existimetur
837 1177 996 1253 prudentia,
1010 1177 1061 1253 qui
1081 1195 1118 1236 ex

197 1257 237 1308 tot
251 1261 379 1328 tamque
389 1254 531 1330 gravibus
546 1254 680 1330 procellis
693 1254 828 1312 civilibus
842 1253 877 1312 ad
892 1255 1118 1313 incolumitatem

235 1333 360 1388 rveniti

108 1419 112 1426 “
197 1347 294 1466 peXI.
318 1411 442 1476 Quibus
455 1429 491 1468 ex
506 1411 590 1469 malis
605 1421 636 1468 ut
649 1430 680 1468 se
694 1421 860 1481 emerserat,
869 1412 940 1468 nihil
955 1410 1034 1469 aliud
1048 1412 1116 1488 egit,
1140 1418 1154 1472 l

197 1503 290 1560 quam
317 1500 354 1548 ut
378 1490 520 1566 plurimis,
536 1490 641 1566 quibus
666 1489 752 1548 rebus
776 1500 877 1568 posset,
899 1500 973 1546 esset
997 1491 1116 1548 auxilio.

198 1563 305 1629 Quum
322 1569 498 1644 proscriptos
513 1569 637 1644 praemiis
657 1567 860 1644 imperatorum
881 1568 987 1644 vulgus
1000 1569 1116 1644 conqui-

199 1655 288 1714 reret,
304 1665 394 1704 nemo
408 1647 439 1703 in
454 1647 577 1722 Epirum
591 1647 678 1716 venit,
691 1647 742 1704 cui
762 1665 808 1704 res
824 1646 884 1704 ulla
902 1645 1045 1718 defuerit3
1068 1665 1116 1705 na.

199 1723 275 1780 mini
290 1744 351 1782 non
365 1726 406 1782 ibi
421 1735 558 1802 perpetuo
572 1726 706 1782 manendi
726 1734 848 1801 potestas
870 1724 946 1782 facta
962 1735 1014 1783 est.
1056 1725 1117 1792 Qui
1137 1731 1157 1786 2

198 1802 374 1881 etiampost
397 1804 535 1880 proelium
556 1804 651 1880 Philip
689 1822 738 1860 nse
753 1805 956 1879 interitumque
969 1803 1004 1862 C.
1020 1803 1115 1864 Cassii

201 1889 231 1936 et
256 1880 301 1938 M.
326 1883 411 1940 Bruti
432 1881 469 1942 L.
490 1882 602 1940 Julium
627 1823 784 1952 blirecillam,
809 1884 982 1958 praetorium,
1003 1893 1032 1942 et
1052 1883 1116 1960 ejus

202 1957 311 2030 filiurn,
328 1961 499 2036 Aulumque
522 1962 712 2038 Torquatum,
727 1972 838 2018 ceteros
859 1979 895 2018 ua
918 1963 980 2037 pari
1004 1961 1117 2021 fortuna

203 2040 366 2112 perculsos,
391 2041 546 2098 instituerit
569 2041 656 2109 tueri,
680 2048 766 2115 atqua
791 2057 827 2098 ex
881 2039 942 2115 piro
963 2041 1008 2098 his
1021 2042 1117 2098 omnia

203 2115 440 2177 Samothraciam
461 2119 622 2196 supportari
636 2119 767 2194 jusserit.
809 2117 934 2176 Difficile
956 2129 1007 2187 est,
1021 2121 1117 2178 omnia
1138 2123 1156 2178 a

204 2199 353 2274 persequi,
369 2207 397 2254 et
418 2216 474 2254 non
489 2198 695 2256 necessarium.
737 2197 812 2254 Illud
829 2215 918 2254 unum
933 2198 1055 2274 intelligi
1070 2217 1116 2255 vo-

205 2272 317 2346 lumus,
338 2276 418 2333 illius
441 2276 643 2334 liberalitatem
667 2293 761 2352 neque
786 2277 997 2352 temporariam,
1023 2294 1116 2351 neque

205 2355 346 2414 callidam
363 2354 462 2412 tuisse.
505 2355 536 2412 ld
551 2374 587 2412 ex
609 2355 678 2431 ipsis
693 2356 780 2412 rebus
800 2372 836 2412 ac
850 2355 1024 2430 temporibus
1041 2353 1116 2428 judi·
1137 2359 1156 2412 4

207 2435 272 2490 cari
286 2443 387 2511 potest,
399 2431 475 2509 quod
489 2452 545 2492 non
560 2433 726 2491 florentibus
739 2453 771 2491 se
785 2433 951 2500 venditavit,
966 2431 1017 2488 sed
1028 2431 1116 2488 afflic-

208 2511 245 2568 tis
259 2531 375 2589 semper
388 2515 552 2571 succurrit:
572 2511 754 2588 quiquidem
773 2511 936 2579 Serviliam,
952 2510 1034 2567 Bruti
1056 2527 1116 2566 ma·

207 2599 292 2662 trem,
307 2609 364 2648 non
379 2592 475 2648 minus
495 2602 557 2668 post
573 2601 693 2648 mortam
707 2591 779 2666 ejus,
793 2607 882 2666 quam
897 2590 1023 2656 florente,
1038 2586 1115 2644 colu·

206 2671 275 2732 erit.
316 2669 367 2726 Sic
393 2669 566 2731 liberalitate
590 2681 674 2727 utens
696 2669 793 2726 nullas
820 2665 984 2724 inimicitias
1010 2666 1156 2742 gossino

208 2749 287 2824 quod
300 2767 396 2824 neque
411 2748 532 2806 laedebat
551 2766 737 2824 quemquam,
752 2765 856 2822 neque,
871 2746 896 2802 si
915 2763 1003 2820 quam
1017 2745 1116 2819 injuri·
1150 2801 1154 2808 ,

210 2845 260 2884 am
285 2836 448 2902 acceperat,
464 2827 590 2885 malebat
616 2826 728 2895 ulcisci,
743 2845 831 2901 quam
856 2823 996 2881 oblivisci.
1013 2851 1017 2857 ,
1037 2822 1116 2881 Idem

210 2905 367 2963 immortali
390 2907 529 2970 memoria
553 2915 687 2982 percepta
709 2904 850 2962 retinebet
871 2902 1029 2974 beneficia3
1051 2919 1118 2977 quae

140 2997 142 3002 ’
211 2994 310 3042 autem
323 2985 385 3060 ipse
399 2985 548 3056 tribuerat,
560 2983 670 3042 tamdiu
685 2985 863 3051 meminerat,
878 2980 972 3057 quoad
986 2981 1035 3037 ille
1050 2999 1115 3056 gra·

210 3071 259 3120 tus
272 3073 343 3132 erat,
355 3064 406 3139 qui
421 3071 583 3138 acceparat.
609 3062 709 3137 ltaque
725 3062 771 3118 hic
787 3059 862 3129 iecit,
878 3069 910 3117 ut
924 3077 992 3116 vere
1006 3058 1117 3116 dictum
1138 3062 1156 3116 6

212 3141 361 3199 videatur:
392 3139 447 3198 Sci
465 3144 562 3216 cuique
583 3159 673 3198 moras
687 3140 802 3218 fingum
812 3137 970 3216 fortunam.
1012 3136 1118 3213 Neque

212 3230 309 3277 tamen
323 3221 403 3297 prius
418 3221 468 3278 ille
483 3219 635 3289 fortunam,
651 3237 739 3293 quam
753 3237 784 3275 se
799 3218 869 3293 ipsa,
884 3216 983 3273 finxit:
1005 3217 1055 3292 qui
1069 3235 1117 3282 ca-

212 3301 263 3368 vit,
278 3319 315 3357 ne
329 3317 388 3374 qua
402 3299 432 3354 in
447 3317 478 3355 re
489 3299 556 3373 jure
571 3299 754 3375 plecteretur.

253 3377 319 3435 XII.
343 3377 398 3434 His
412 3371 602 3454 igitur'rebus
617 3375 720 3443 effecit,
736 3383 768 3432 ut
781 3373 823 3430 Μ.
839 3372 997 3449 Vipsanius
1012 3373 1118 3450 Agrip·
1141 3377 1156 3430 1

213 3475 259 3532 pa,
274 3457 376 3513 intima
397 3454 590 3514 familiaritate
605 3453 778 3528 conjunctus
801 3451 975 3510 adolescenti
999 3451 1119 3518 Caesari,

212 3553 303 3609 quum
319 3543 525 3610 proptersuam
539 3534 664 3610 gratiam
673 3541 701 3588 et
712 3531 835 3588 Caesaris
847 3531 999 3606 potentiam
1010 3529 1121 3585 nullius

213 3613 384 3670 conditionis
398 3631 454 3670 non
468 3613 587 3670 haberet
606 3611 782 3686 potestatem,
797 3610 975 3685 potissimum
989 3605 1053 3679 ejus
1073 3605 1121 3662 de-

213 3689 318 3767 ligeret
332 3691 507 3760 affinitatem,
523 3697 747 3766 praeoptaretque
770 3688 874 3762 equitis
888 3683 1011 3742 Romani
1030 3682 1121 3738 filiam
1176 3731 1181 3742 ,

213 3766 422 3844 generosarum
436 3769 553 3844 nuptiis.
596 3769 694 3842 Atque
716 3767 822 3822 harum
842 3763 1008 3835 nuptiarum
1028 3759 1121 3816 conci-
1141 3762 1161 3812 2
