2608 4300
428 369 468 432 x.
498 371 588 446 ‘aa
632 375 756 453 (nan.)
1000 381 1041 440 43

143 517 191 590 qui
203 515 237 572 de
250 515 404 589 partiendo
418 535 525 591 regn03
546 519 620 591 quod
641 520 746 578 sororis
768 539 826 578 suae
847 521 923 578 tilios
939 539 976 577 ex
990 522 1040 579 illo

143 605 222 650 natos
235 604 345 668 partem
364 596 448 669 regni
468 597 582 668 putabat
602 598 706 654 debere
728 598 844 656 habere.
886 600 920 656 Id
934 601 1040 656 medici
1061 607 1080 658 5

143 691 199 728 non
212 684 371 741 tacuerunt,
383 684 413 729 et
427 673 463 728 ad
479 674 649 748 Dionysium
662 677 751 733 filium
765 696 926 734 sermonem
937 675 1043 735 retule-¹

144 762 214 806 runt.
254 751 320 816 Quo
336 752 387 806 ille
404 763 570 820 commotus,
584 772 620 808 ne
637 756 739 828 agendi
753 767 832 812 esset
843 757 932 812 Dioui
946 769 1040 831 potes·

143 839 195 896 tas,
218 829 290 902 patri
316 847 452 903 soporem
479 830 608 886 medicos
636 832 702 888 dare
728 835 828 908 coegit.
871 835 936 890 Hoc
964 853 1041 909 aeger

124 953 126 959 .
145 925 158 961 s
185 917 241 974 nto,
255 917 286 962 ut
300 925 403 962 somno
419 908 539 980 sopituS,
555 907 632 963 diem
645 910 715 965 obiit
728 930 897 984 supremum.

197 985 236 1040 ii.
267 985 341 1050 Tale
359 985 472 1040 initium
486 984 539 1040 fuit
561 985 665 1042 Dionis
682 997 712 1042 et
733 989 866 1063 Dionysii
880 990 1039 1059 simultatis,
1063 997 1076 1048 l

142 1081 230 1135 eaque
245 1064 341 1119 multis
363 1065 449 1118 rebus
471 1074 555 1119 aucta
577 1075 630 1119 est.
673 1066 734 1122 Sed
752 1077 846 1122 tamen
859 1063 1041 1140 primisteur·

139 1141 257 1214 poribus
273 1141 446 1214 aliquamdiu
467 1142 600 1197 simulata
620 1143 767 1204 intereos
789 1145 914 1200 amicitia
927 1148 1038 1202 mansit.

141 1219 294 1292 Quumque
310 1220 386 1275 Dion
400 1238 457 1275 nou
478 1220 634 1276 desisteret
648 1221 802 1277 obsecrare
819 1223 998 1296 Dionysium,
1013 1235 1042 1279 ut

142 1297 293 1352 Platonem
307 1297 429 1353 Athenis
444 1310 618 1367 arcesseret,
633 1311 662 1356 et
677 1301 739 1374 ejus
755 1299 885 1356 consiliis
900 1311 1040 1368 uteretur;

141 1374 199 1442 ille,
215 1374 264 1448 qui
285 1376 315 1430 in
336 1376 430 1448 aliqua
449 1377 584 1432 revellet
604 1387 714 1450 patrem
734 1379 848 1446 imitari,
864 1396 970 1439 morem
987 1379 1039 1455 [ei]

142 1453 241 1526 gessit.
274 1452 442 1524 Eodemque
454 1465 581 1528 tempore
592 1456 755 1524 Philistum,
767 1457 944 1524 historicum,
956 1458 1041 1531 Syra·
1061 1463 1078 1514 2
1171 1527 1177 1536 ·

142 1523 225 1586 cusas
249 1529 373 1597 reduxit,
397 1529 540 1587 hominem
565 1535 693 1590 amictum·
711 1531 767 1590 hon
795 1536 898 1609 magis*
911 1546 1041 1610 tyranno,

140 1625 222 1681 quarn
237 1607 395 1682 tyrannidi.
437 1609 496 1664 Sed
516 1611 551 1666 de
573 1609 628 1666 hoc
651 1613 681 1668 in
703 1631 737 1668 eo
760 1613 850 1689 [meo]
873 1609 945 1669 libro
959 1614 1040 1688 plura

140 1697 204 1741 sunt
219 1686 363 1760 exposita,
372 1685 420 1758 qui
433 1687 468 1742 de
483 1685 626 1745 historicis
643 1687 781 1766 [Graecis]
793 1684 972 1766 conscriptus
985 1702 1037 1747 est.

141 1764 223 1820 Plato
244 1775 460 1842 autemltantum
481 1766 554 1839 apud
570 1767 740 1842 Dionysium
757 1770 923 1824 auctoritato
937 1771 1036 1844 potuit,
1058 1775 1075 1826 3

140 1843 286 1916 valuitque
308 1843 480 1915 eloquentia,
494 1857 524 1900 ut
538 1845 565 1900 ei
579 1848 753 1919 persuaserit
768 1849 925 1921 tyrannidis
940 1847 1036 1904 facero

140 1921 236 1989 finem,
252 1921 467 1994 libertatemque
482 1923 603 1980 reddere
615 1925 823 1997 Syracusanis:
841 1945 857 1980 a
871 1945 926 2000 qua
939 1927 1037 1982 voluu-

139 2009 197 2060 tate
213 1998 330 2056 Philisti
345 2001 468 2058 consilio
489 2001 639 2058 deterritus
657 2002 799 2084 aliquanto
815 2003 955 2060 crudelior
970 2023 1036 2060 esse

142 2096 184 2132 cce
206 2088 254 2132 it.·

181 2096 234 2210 lpV.
265 2155 324 2221 Qui
345 2157 459 2230 quidem
480 2177 563 2230 quum
578 2177 594 2214 a
610 2159 703 2216 Dione
725 2178 758 2215 se
781 2160 909 2234 superari
929 2160 1038 2216 videret
1061 2165 1074 2217 1

140 2232 266 2308 ingenio,
282 2235 458 2304 auctoritate,
473 2255 567 2292 arnore
583 2237 690 2312 populi,
704 2255 818 2305 verens,
832 2257 878 2306 ne,
893 2239 919 2294 si
968 2263 1014 2302 am·

141 2331 206 2368 eum
234 2325 334 2368 secum
361 2312 487 2383 haberet,
515 2316 639 2390 aliquam
662 2309 848 2376 occasion'em
875 2317 920 2372 sui
945 2321 964 2350 ¹²·
978 2315 1001 2352 ὓ·
1015 2323 1036 2351 “’

141 2390 222 2445 daret
245 2391 432 2464 opprimendi,
454 2411 560 2453 navem
581 2394 609 2448 ei
632 2394 778 2448 triremem
799 2393 962 2469 deditque
983 2393 1039 2450 Co·

141 2467 265 2523 rinthum
279 2468 485 2540 deveheretur:
508 2471 676 2538 ostendens,
690 2491 724 2526 se
740 2471 770 2526 id
785 2471 927 2542 utriusque
943 2469 1038 2526 lacere

141 2563 239 2614 causa,
249 2565 295 2614 ne,
307 2565 394 2620 quum
409 2548 482 2602 inter
495 2567 527 2603 se
542 2549 683 2615 timerent,
695 2550 830 2602 alteruter
842 2549 960 2604 alterum
970 2567 1039 2619 prta-

141 2635 303 2697 occuparet.
345 2625 381 2685 Id
395 2642 480 2696 quum
500 2624 605 2678 factum
625 2624 706 2678 multi
727 2624 950 2698 indignarentur,
963 2643 1039 2700 tnag-
1059 2631 1076 2682 2

67 2737 98 2757 -.
140 2721 238 2776 uaeque
252 2694 341 2770 ¹esset
355 2701 379 2766 ,i
398 2700 483 2756 vidia
507 2711 646 2773 tyrann03
669 2701 828 2774 Dionysius
856 2703 958 2770 onmia,
978 2722 1039 2776 quae

141 2781 248 2835 moveri
270 2721 407 2855 potera‘di‘
424 2778 537 2846 Dionis,
553 2779 582 2832 in
596 2779 685 2850 navis
706 2779 848 2852 imposuit,
863 2779 898 2835 ad
919 2796 1038 2854 eumque

97 2895 103 2900 -
141 2858 226 2913 misit.
269 2860 321 2914 Sic
347 2859 425 2914 enim
450 2857 607 2912 existimari
632 2858 766 2926 volebat,
785 2857 813 2913 id
835 2877 867 2913 se
892 2877 949 2916 non
972 2861 1038 2917 odio

68 2965 72 2975 ·
141 2935 273 3005 hominis,
296 2935 350 2992 sed
371 2935 553 3012 suae-salutis
575 2935 682 2991 secisse
705 2953 801 2992 causa.
842 2937 949 2994 Postea
968 2943 1076 2994 vero3

139 3005 231 3086 quam'
244 3013 361 3082 audivit,
382 3031 447 3074 eum
467 3015 497 3070 in
518 3015 720 3088 Peloponneso
740 3034 854 3072 manum
874 3035 1038 3090 comparare

139 3092 251 3182 sibique
267 3093 376 3147 bellum
396 3092 492 3149 lacere
515 3093 630 3155 conari:
653 3094 772 3160 Areten,
788 3094 892 3150 Diouis
911 3112 1038 3162 uxorem,

137 3167 186 3226 ahi
206 3180 328 3245 nuptum
347 3171 434 3239 dedit,
448 3171 593 3243 filiumque
612 3173 674 3246 ejus
697 3171 739 3224 sic
763 3171 877 3228 educari
895 3172 990 3246 jussit,
1009 3183 1040 3227 ut

136 3249 323 3324 indulgendo
331 3249 502 3323 turpissimis
524 3250 697 3304 imbueretur
712 3249 922 3322 cupiditatibus.
964 3249 1040 3306 Nam
1059 3253 1078 3305 4

83 3355 100 3410 q
135 3345 237 3402 puero,
261 3327 428 3400 priusquam
454 3329 544 3401 pubes
570 3321 658 3394 esset,
685 3337 783 3382 scorta
808 3327 1037 3400 adducebantur3

135 3405 205 3461 rino
228 3405 379 3479 epulisque
401 3407 579 3471 obruebatur,
593 3423 685 3476 neque
707 3405 795 3460 ullum
815 3415 927 3478 tempus
945 3405 1038 3460 sobrio

135 3475 362 3556 relinquebatur.
403 3483 433 3541 ts
454 3501 545 3557 usque
569 3500 611 3544 eo¹
627 3483 690 3538 vitae
715 3493 817 3538 statum
841 3491 1040 3538 commutatum
1060 3487 1078 3538 5

137 3561 214 3617 lehre
229 3579 288 3616 nou
303 3560 401 3633 potuit,
415 3571 563 3633 postquam
576 3559 606 3616 in
619 3559 739 3634 patriam
752 3560 837 3616 rediit
854 3569 935 3632 pater
950 3553 1048 3633 (iram-⁴

139 3657 194 3712 quc
220 3637 347 3713 appositi
370 3648 449 3694 erant
471 3637 615 3706 custodes,
629 3637 678 3711 qui
700 3655 766 3692 eum
787 3657 804 3692 a
822 3635 942 3711 pristino
962 3636 1040 3690 victu

303 3901 312 3930 l
