2608 4300
428 345 503 424 XV.
548 368 573 423 l.
621 359 902 446 (Epaminondas.)
1074 371 1116 430 59

247 514 299 574 ΧΙ.
321 513 355 574 Id
375 533 467 590 quum
482 515 550 574 satis
571 535 602 574 se
617 515 803 574 confirmasse
818 516 973 576 arbitratus
988 527 1040 588 est,
1055 535 1117 576 cer-
1139 521 1155 576 1

125 659 127 666 ,
205 595 307 652 tiorem
333 593 403 668 facit
425 593 586 665 Datamem,
602 605 716 670 tempus
734 614 807 664 esse,
830 595 954 670 majores
968 598 1117 656 exercitus

205 673 313 749 parari,
330 682 358 730 et
382 673 491 730 bellum
505 689 573 732 cum
598 675 659 750 ipso
676 692 744 752 rege
759 675 867 749 suscipi
877 694 886 745 ;
909 674 1003 751 deque
1024 696 1060 734 ea
1075 694 1116 746 re,

204 753 231 808 si
255 753 283 808 ei
304 751 462 821 videretur,
482 772 540 828 quo
553 753 617 810 loco
631 752 727 822 vellet,
750 754 781 809 in
802 753 977 828 colloquium
992 755 1115 814 veniret.

205 829 332 888 Probata
346 849 387 900 re,
410 831 592 906 colloquendi
613 842 727 907 tempus
748 833 880 900 sumitur,
895 831 1044 909 locusque,
1059 853 1117 910 quo

205 910 420 968 conveniretur.
450 909 520 967 Huc
536 910 717 966 Mithridates
732 929 800 967 cum
815 927 881 978 uno,
896 911 944 968 cui
959 914 1116 970 max'mam
1136 913 1156 968 2

206 987 331 1045 habebat
351 988 447 1058 fidem,
463 999 529 1046 ante
548 989 657 1063 aliquot
677 989 739 1045 dies
753 990 839 1055 venit,
862 989 1003 1064 compluti
1059 1011 1116 1066 quc

206 1065 279 1123 locis
306 1068 462 1142 separatim
489 1067 601 1144 gladios
629 1068 732 1136 obruit,
758 1085 850 1142 eaque
878 1066 941 1125 loca
965 1069 1117 1146 diligenter

201 1147 295 1202 'notat
337 1145 403 1220 lpso
417 1157 515 1204 autem
537 1145 719 1221 colloquendi
743 1145 790 1202 die
812 1146 935 1218 utrique,
950 1146 1046 1204 locum
1067 1150 1117 1224 qui

206 1223 398 1298 explorarent,
415 1235 501 1300 atque
522 1226 598 1301 ipsos
612 1234 823 1292 scrutarentur,
839 1225 964 1282 mittunt.
1007 1224 1117 1285 Deinde

206 1302 261 1376 ipsi
275 1312 342 1361 sunt
356 1305 515 1379 congressi.
559 1303 618 1362 Hic
632 1322 724 1379 quum
739 1303 918 1378 aliquamdiu
933 1304 962 1360 in
977 1303 1118 1380 colloquio
1139 1306 1156 1359 3

206 1379 336 1450 inissent,
350 1391 379 1438 et
394 1381 501 1439 diversi
515 1382 722 1452 discessissent,
735 1383 856 1458 jamque
865 1382 967 1456 procul
981 1380 1119 1442 Datames

205 1459 338 1517 abesset:
361 1459 551 1531 Mithridates,
567 1463 738 1537 priusquam
761 1461 797 1517 ad
812 1479 880 1517 suos
894 1462 1067 1535 perveniret,
1083 1481 1119 1520 ne

204 1557 294 1612 quam
307 1541 502 1614 suspicionem
518 1551 641 1616 pareret,
650 1542 679 1596 in
693 1539 828 1597 eumdem
843 1537 939 1596 locum
954 1542 1118 1610 revertitur,

205 1627 293 1691 atque
315 1618 363 1686 ibi,
380 1618 429 1674 ubi
454 1619 543 1675 telum
565 1629 627 1677 erat
652 1621 828 1695 impositum,
844 1617 958 1686 resedit,
975 1629 1006 1676 ut
1026 1619 1051 1676 si
1072 1620 1118 1696 [a]

150 1721 152 1724 ’
205 1693 376 1753 lassitudine
391 1707 513 1772 cuperet
528 1700 725 1774 acquiescere,
737 1696 950 1772 Datamemque
963 1700 1117 1768 revocavit,

204 1775 357 1843 simulans,
373 1795 404 1832 se
426 1777 562 1850 quiddam
583 1779 613 1834 in
628 1777 771 1852 colloquio
792 1795 855 1832 esse
869 1777 1000 1834 oblitum.
1043 1777 1157 1836 Inte-4

205 1854 259 1909 rim
284 1855 386 1923 telum,
409 1854 484 1928 quod
507 1855 622 1924 latebat,
650 1856 767 1931 protulit
792 1854 989 1929 nudatumque
1011 1858 1119 1934 vagina

205 1942 285 1988 veste
300 1935 380 2002 texit,
401 1953 436 1989 ac
451 1932 569 1990 Datami
584 1935 710 1991 venienti
725 1936 774 2002 ait,
790 1933 996 2009 digredientem
1011 1954 1042 1992 se
1058 1935 1118 1992 ani-

38 2073 46 2084 ·
107 2031 119 2051 ¹
205 2011 402 2080 madvertisse,
418 2012 516 2069 locum
531 2013 694 2088 quemdam,
710 2015 837 2087 quierat
856 2013 885 2068 in
900 2023 1066 2087 conspectu,
1083 2011 1119 2069 nd

105 2115 108 2118 ·
203 2100 302 2146 castra
323 2090 454 2165 ponenda
469 2109 532 2148 esse
555 2091 701 2148 idoneum.
743 2091 840 2156 Quem
854 2110 946 2166 quum
968 2091 1056 2168 digito
1071 2091 1118 2148 de·
1140 2092 1158 2146 5

161 2189 166 2204 1
204 2178 385 2238 monstraret,
401 2179 429 2226 et
448 2169 499 2226 ille
514 2171 701 2246 conspiceret,
717 2188 852 2227 aversum
868 2169 944 2226 ferro
964 2171 1117 2238 transfixit,

204 2249 354 2322 priusque,
370 2267 461 2322 quam
474 2249 626 2324 quisquam
648 2259 742 2324 posset
763 2267 946 2317 succurrere,
962 2247 1118 2306 interfecit.

203 2325 247 2384 lta
261 2327 312 2383 ille
329 2327 382 2395 vir,
397 2328 447 2402 qui
469 2327 574 2386 multos
588 2329 717 2397 consilio,
734 2329 879 2384 neminem
900 2327 1022 2402 perfidia
1036 2345 1119 2403 cepe·

204 2416 258 2478 rat,
274 2406 412 2464 simulata
426 2416 529 2481 captus
544 2417 586 2465 est
601 2408 740 2466 amicitia.
755 2461 762 2483 Ι
830 2463 845 2511 l

499 2635 829 2646 --.——--—-.

997 2647 1015 2694 t!

306 2809 412 2890 xv.
476 2774 604 2892 :bl
677 2812 1004 2890 lucunas.

458 2947 466 2960 ,,
537 2942 586 3000 a

138 3163 142 3168 .
245 3113 269 3171 l.
293 3111 515 3186 Epaminondas,
538 3111 668 3187 Polymni
679 3115 773 3193 fliius,
795 3113 952 3170 Thebanus.
994 3111 1040 3170 De
1065 3113 1155 3171 hocl

207 3193 376 3268 priusquam
392 3192 563 3262 scribamus,
585 3194 647 3250 haec
662 3192 856 3268 praecipienda
877 3191 1012 3248 videntur
1031 3192 1117 3250 lecto-

207 3272 296 3339 ribus,
312 3289 349 3326 ne
365 3270 476 3328 alienos
497 3291 590 3329 mores
606 3273 641 3328 ad
656 3291 723 3329 suos
737 3271 884 3342 referant3
907 3289 981 3327 neve
997 3290 1041 3339 ea,
1053 3287 1119 3344 quae
1185 3275 1202 3292 ‘'

207 3349 276 3425 ipsis
301 3349 412 3406 leviora
433 3361 508 3420 sunt,
529 3351 593 3426 pari
607 3351 689 3407 modo
704 3349 778 3425 apud
801 3359 911 3407 ceteros
933 3347 1022 3406 fuisse
1043 3348 1117 3406 arbi-

206 3438 329 3486 trentur.
371 3427 487 3486 Scimus
502 3431 589 3500 enim,
602 3430 732 3486 musicen
747 3429 850 3486 nostris
873 3428 1000 3484 moribus
1015 3427 1117 3484 abesse
1138 3430 1157 3482 2

207 3527 224 3564 a
246 3506 386 3580 principis
407 3525 548 3582 persona3
572 3508 678 3565 saltare
695 3527 762 3564 vero
775 3507 863 3564 etiam
884 3508 914 3563 in
937 3505 1012 3561 vitiis
1034 3504 1117 3579 poni:

206 3603 274 3662 quae
294 3585 391 3641 omnia
413 3587 488 3662 apud
511 3586 631 3644 Graecos
651 3596 679 3643 et
696 3595 787 3662 grata,
804 3595 832 3642 et
855 3583 942 3642 laude
964 3581 1052 3657 digna
1066 3579 1117 3638 du-

206 3673 326 3724 cuntur.
369 3663 471 3728 Quum
493 3674 590 3722 autem
612 3666 773 3740 exprimere
795 3663 952 3736 imaginem
966 3668 1117 3716 consuetu·
1140 3661 1158 3714 3

206 3742 283 3800 dinis
308 3752 395 3817 atque
417 3745 484 3800 vitae
506 3743 630 3802 velimus
653 3739 871 3818 Epaminonda,
891 3735 963 3792 nihil
987 3735 1120 3790 videmur
