2710 4300
234 415 294 474 106
338 405 445 472 XXV.
482 414 590 484 16,17,
606 414 653 472 18.
692 406 745 490 (T.
758 407 1070 491 Pompontltticns.)

229 563 275 633 rii,
290 563 345 640 Q.]
368 561 524 632 Hortensii,
546 561 619 618 Auli
644 559 795 636 Torquati,
818 561 974 618 multorum
996 570 1137 638 praeterea

227 643 357 718 equitum
373 641 569 698 Romanorum
584 641 699 718 negotia
710 650 889 716 procuraret.
930 639 977 696 Ex
991 659 1049 716 quo
1059 641 1135 715 judi-

228 722 290 779 cari
310 730 429 796 poterat,
444 737 499 776 non
523 719 636 788 inertia,
651 719 702 777 sed
721 718 832 794 judicio
846 718 955 796 fugisse
969 719 1137 795 reipublicae

228 801 470 875 procurationem.

191 878 206 931 1
269 877 350 935 XVI.
373 877 571 934 Humanitatis
591 893 659 933 vero
676 875 790 933 nullum
815 875 918 933 afferre
941 875 1036 950 majus
1058 877 1135 934 testi·

228 958 357 1014 monium
371 973 495 1033 possum,
505 971 593 1030 quam
607 954 682 1030 quod
695 955 865 1012 adolescens
880 953 957 1010 idem
968 955 1028 1012 seni
1044 954 1136 1012 Sullae

229 1034 317 1092 fuerit
327 1035 565 1109 jucundissimus,
581 1052 670 1090 senex
684 1033 859 1092 adolescenti
877 1032 918 1090 M.
932 1033 1042 1105 Brut03
1065 1051 1135 1090 cnm

227 1115 389 1190 equalibus
404 1123 499 1170 eutem
514 1114 584 1182 suis,
599 1112 637 1177 Q.
653 1111 806 1170 Hortensio
820 1121 848 1169 et
869 1109 910 1167 M.
926 1111 1076 1180 Cicerone,
1091 1112 1135 1169 sie

227 1193 341 1261 vixerit,
357 1203 388 1250 ut
404 1192 538 1269 judicare
558 1189 675 1248 difficile
689 1191 735 1258 sit,
750 1191 799 1247 cni
815 1190 891 1248 aetati
914 1189 1001 1247 fuerit
1022 1191 1134 1266 aptissi-

188 1271 207 1324 2
228 1289 303 1328 mus.
345 1271 532 1346 Quamquam
546 1287 614 1326 eum
630 1270 774 1345 praecipue
788 1269 889 1328 dilexit
909 1269 1022 1336 Cicero,
1043 1279 1074 1326 ut
1096 1287 1134 1326 ne

228 1350 318 1407 frater
331 1351 448 1425 quidem
462 1349 489 1405 ei
514 1348 645 1413 Quintus
662 1349 757 1405 carior
779 1346 866 1405 fuerit
880 1357 930 1404 aut
954 1345 1133 1404 familiarior.

188 1427 207 1481 3
228 1429 266 1486 Ei
288 1430 330 1486 rei
350 1439 417 1486 sunt
436 1427 551 1495 indicio,
567 1437 671 1502 praeter
692 1445 741 1484 eos
760 1426 856 1495 libros,
878 1427 908 1482 in
928 1426 1035 1501 quibus
1048 1427 1083 1483 de
1098 1445 1135 1484 eo

227 1507 297 1565 facit
316 1507 499 1574 mentionem,
521 1506 571 1580 qui
592 1506 621 1561 in
636 1505 743 1581 vulgus
764 1503 856 1581 [jam]
879 1515 947 1562 sunt
970 1504 1047 1574 editi,
1069 1523 1133 1562 sex-

226 1587 320 1644 decim
336 1585 483 1644 volumina
505 1585 700 1660 epistolarum,
722 1585 760 1641 ab
778 1584 930 1642 consulatu
955 1583 1019 1658 ejus
1041 1601 1134 1659 usque

227 1665 264 1722 ad
286 1677 447 1722 extremum
468 1673 582 1739 tempus
596 1662 632 1720 ad
655 1663 787 1720 Atticum
801 1663 970 1720 missarum:
992 1680 1058 1737 quae
1082 1663 1133 1737 qui

226 1742 313 1819 legat,
325 1761 379 1801 non
395 1742 519 1799 multum
527 1741 668 1798 desideret
683 1742 829 1798 historiam
839 1750 1001 1799 contextam
1016 1740 1133 1798 illorum

188 1820 207 1873 4
227 1831 398 1896 temporum.
435 1821 485 1877 Sic
499 1821 577 1876 enlm
591 1821 688 1876 omnia
703 1819 738 1877 de
746 1819 853 1876 studiis
867 1820 1039 1895 principum,
1055 1820 1134 1876 vitiis

227 1899 345 1968 ducum,
356 1899 559 1956 mutationibus
579 1899 746 1973 reipublicae
761 1901 918 1975 perscripta
927 1906 1005 1968 sunt,
1018 1909 1048 1954 ut
1059 1898 1130 1955 nihil
1195 1895 1206 1917 '⁸

227 1980 256 2036 iu
278 1980 314 2036 iis
327 1997 383 2035 non
398 1987 545 2054 appareat,
564 1988 592 2034 ct
614 1977 701 2034 facile
715 1978 875 2034 existimari
895 1978 991 2052 possit,
1010 1976 1132 2053 pruden-
1185 2037 1187 2042 ,

226 2058 296 2115 tiam
311 2055 519 2132 quodammodo
533 2075 596 2114 esse
610 2056 825 2112 divinationem.
858 2055 926 2112 Non
940 2057 1017 2112 enim
1029 2055 1139 2113 Cicero*

226 2155 263 2194 ea
283 2135 384 2204 solum,
400 2153 465 2211 quae
479 2135 545 2191 vIvo
566 2154 597 2192 se
612 2134 789 2203 acciderunt,
805 2133 903 2191 futura
925 2134 1067 2211 praedixit,
1081 2133 1133 2193 sed

227 2216 324 2284 etiam,
338 2233 404 2288 quae
418 2232 496 2270 nuno
513 2231 567 2270 usu
582 2215 710 2281 veniunt,
725 2213 840 2282 cecinit,
857 2223 889 2270 nt
903 2223 992 2270 vates.

188 2292 204 2345 l
268 2293 363 2351 XVII.
386 2292 431 2350 De
454 2293 558 2368 pietate
581 2301 676 2349 autern
692 2292 783 2348 AttIci
805 2290 874 2366 quid
899 2291 983 2368 plura
1006 2309 1132 2349 comme-

228 2371 358 2429 moreml
384 2390 473 2447 quum
489 2371 542 2428 hoc
560 2372 653 2448 ipsum
668 2389 736 2427 vere
758 2370 928 2446 gloriantem
944 2371 1084 2428 audIerim
1102 2371 1131 2426 In

228 2449 330 2508 sunere
352 2451 452 2508 matris
476 2467 545 2517 suae,
567 2468 654 2526 quam
676 2450 779 2506 extulit
803 2467 943 2508 annorum
967 2449 1131 2525 nonaginta,

226 2549 318 2605 quum
332 2539 405 2586 esset
426 2538 534 2605 septem
555 2539 584 2585 et
597 2529 756 2604 sexaginta,
772 2546 802 2584 se
817 2543 976 2603 numquam
990 2545 1057 2584 cum
1072 2546 1132 2583 ma-

227 2619 271 2666 tre
292 2609 460 2684 ingratiam
482 2607 596 2676 redisse,
617 2625 775 2681 numquam
790 2625 857 2664 cum
878 2625 975 2664 sorore
990 2605 1079 2662 fuisse
1102 2606 1132 2661 in

188 2686 392 2756 2simnltate,
406 2705 495 2763 quarn
519 2705 606 2762 prope
631 2685 771 2761 sequelam
797 2684 928 2742 habebat.
984 2683 1069 2750 Quod
1090 2682 1133 2740 est

227 2767 352 2842 signum,
368 2775 418 2822 aut
438 2764 548 2821 nullam
564 2783 702 2839 nmquam
716 2765 790 2820 inter
803 2781 853 2820 eos
866 2764 1074 2839 querimoniam
1089 2763 1130 2818 in-

227 2845 402 2912 tercessisse,
418 2854 468 2901 ant
489 2843 567 2900 hunc
592 2861 627 2900 ea
652 2841 740 2899 fuisse
755 2843 785 2898 ln
804 2861 871 2898 suos
885 2841 1074 2918 indulgentia,
1090 2851 1131 2910 nt,

189 2921 207 2974 3
228 2941 299 2997 quos
314 2940 411 2978 amare
425 2921 549 2989 deberet,
565 2922 651 2978 irasci
663 2922 704 2978 eis
718 2919 800 2978 nelas
813 2920 942 2978 duceret.
984 2920 1089 2994 Neque
1104 2918 1132 2976 id

229 3001 297 3058 lecit
311 3011 415 3059 natura
429 3001 531 3068 solum,
546 3017 723 3075 quamquam
745 3018 844 3056 omnes
866 2999 893 3055 ei
916 3017 1060 3075 paremus,
1082 2998 1132 3054 sed

228 3081 315 3137 etlam
330 3080 470 3138 doctriua.
512 3078 591 3136 Nam
605 3088 634 3135 et
656 3079 819 3153 priucipum
843 3077 1073 3152 philosophorum
1092 3077 1133 3133 ita

228 3170 363 3234 percepta
377 3158 477 3216 habuit
496 3167 647 3234 praecepta,
663 3157 744 3214 utils
759 3156 794 3213 ad
809 3157 896 3213 vitam
911 3155 1062 3232 agendam,
1076 3173 1133 3212 non

229 3236 265 3294 ad
279 3237 503 3305 ostentationem,
519 3245 658 3294 uteretur.

191 3317 206 3370 1
270 3313 379 3371 XVIII.
403 3314 493 3372 Moris
513 3316 599 3371 etiam
620 3313 762 3389 majorum
777 3331 908 3370 summus
930 3313 1056 3369 imitator
1079 3311 1133 3369 fuit

230 3393 463 3468 antiquitatisque
488 3403 613 3450 amator:
647 3411 735 3468 quam
763 3392 834 3450 adeo
857 3391 1009 3467 diligenter
1033 3391 1134 3448 habuit

229 3473 384 3548 cognitam,
399 3483 431 3528 ut
451 3489 515 3528 eam
530 3481 615 3528 totam
636 3472 666 3527 iu
681 3490 715 3528 eo
730 3470 874 3528 volumine
889 3471 1062 3546 exposuerit,
1077 3488 1134 3544 quo

190 3553 210 3604 2
231 3550 416 3624 magistratus
429 3550 551 3606 ornavit.
584 3529 677 3606 Nulla
690 3550 767 3606 enlm
782 3548 839 3618 lex,
854 3566 947 3624 neque
962 3567 1027 3624 pax,
1039 3566 1134 3623 neque

230 3627 349 3696 bellurn,
364 3645 458 3702 neque
473 3644 519 3682 res
542 3625 662 3683 illustris
676 3636 719 3683 est
739 3626 836 3702 populi
851 3626 983 3697 Romani,
999 3645 1064 3702 quae
1078 3645 1134 3683 non

230 3705 261 3761 in
275 3725 310 3762 eo
323 3723 376 3762 suc
389 3714 516 3779 tempore
530 3704 567 3760 sit
580 3713 691 3760 notata:
712 3713 748 3774 et,
763 3705 840 3780 quod
853 3703 1056 3762 diffieiIIImum
1071 3703 1134 3772 fuit,

230 3783 274 3840 sic
296 3781 473 3839 familiarum
488 3781 629 3858 orIginem
643 3781 798 3852 subtexuit,
821 3793 852 3840 ut
873 3799 909 3842 ex
930 3801 968 3852 eo,
988 3783 1135 3841 clarorum
