2608 4300
221 364 241 422 8
571 381 749 423 rnnuarro.

217 517 345 590 infamia,
372 521 475 596 partim
505 520 631 614 humilia
653 531 736 595 atque
766 523 801 578 ab
831 521 937 578 honest
926 532 984 578 tate
1015 533 1142 603 remota

179 627 197 680 6
217 634 369 700 ponuntur
419 625 528 682 Contra
552 644 588 682 ea
615 626 751 700 pleraque
776 625 883 682 nostris
907 581 1108 682 monitui&
1058 636 1125 684 aunt

218 729 335 821 decora,
354 748 416 803 quae
439 729 515 804 apud
539 729 606 786 illos
628 729 724 812 turpia
744 739 885 804 putantur.
928 729 1024 796 Quem
1047 729 1124 786 enim

218 799 413 891 Romanorum
433 833 521 909 pudet
540 850 660 890 uxorem
681 806 816 892 duceie
808 852 839 890 1n
860 834 1044 892 convivium?
1077 845 1123 894 aut

218 938 300 1013 cujus
324 956 383 994 non
405 936 621 994 materfamilias
649 938 771 1012 primum
797 939 894 995 locum
916 948 997 994 tenet
1021 939 1124 996 aedium

178 1045 198 1098 'l
219 1052 303 1116 atque
318 1042 349 1099 in
363 1042 531 1100 celebritate
545 1044 695 1099 versatur?
738 1042 825 1109 Quod
843 1024 942 1100 multo'
950 1043 982 1099 fit
995 1043 1079 1099 aliter
1093 1043 1122 1100 in

220 1146 344 1204 Graecia.
386 1146 463 1204 Nam
476 1165 570 1220 neque
585 1147 616 1203 in
631 1147 794 1203 convivium
808 1147 967 1217 adhibetur,
981 1147 1040 1203 nisi
1058 1165 1122 1222 pro·

217 1255 404 1330 pinquorum;
425 1272 520 1327 neque
536 1253 630 1323 sedet,
644 1253 702 1309 nisi
717 1253 748 1309 in
761 1252 896 1309 interiore
914 1262 995 1327 parte
1011 1252 1122 1322 aedium,

217 1377 280 1432 quae
296 1359 476 1437 γυναικωνῖτις
490 1358 659 1433 appellatur,
674 1374 730 1432 quo
744 1375 830 1414 nemo
845 1356 968 1426 accedit,
981 1357 1044 1431 nisi,
1058 1374 1122 1432 pro·

178 1469 196 1521 8
217 1465 324 1541 pinque
337 1465 510 1540 cognatione
526 1465 714 1540 conjunctus:
744 1463 804 1520 Sed
817 1462 866 1520 hic
881 1463 964 1539 plura
976 1462 1121 1538 persequi,

216 1582 276 1628 tum
289 1569 455 1644 magnitudo
470 1567 624 1625 voluminis
644 1567 785 1644 prohibet,
799 1578 859 1624 tum
873 1567 1027 1637 festinatio,
1041 1578 1072 1624 ut
1086 1586 1122 1624 ea

218 1673 372 1748 explicem,
397 1689 459 1744 quae
484 1687 607 1746 exorsus
633 1688 706 1726 sum.
759 1670 857 1735 Quare
883 1670 919 1727 ad
945 1668 1122 1746 propositum

216 1776 366 1833 veniemus
379 1784 408 1831 et
418 1775 448 1831 in
458 1773 514 1831 hoc
526 1791 704 1850 exponemus
715 1774 788 1849 libro
800 1774 906 1833 devita
918 1775 1122 1833 excellentium]

217 1881 433 1957 Imperatorum.
