2608 4300
350 339 353 350 Ι

382 395 421 457 11.
449 401 478 469 9,
498 399 545 455 10.
589 391 852 472 (Themistocleo.)
1031 393 1068 450 19

164 545 236 600 leret
258 543 332 612 sibi;
355 542 473 604 difficile
497 542 574 596 enim
598 559 675 606 esse,
696 538 725 595 in
747 549 806 594 tam
826 536 985 612 propinquo
1005 534 1069 592 loco

164 632 221 678 tuto
242 640 309 697 eum
327 621 449 677 versari.
490 620 589 692 Itaque
613 618 741 692 Pydnam
763 635 831 676 eum
851 614 956 674 deduci
974 613 1071 688 jussit,

166 712 194 760 et
207 700 283 773 quod
297 700 369 756 satis
385 708 466 754 esset
479 697 615 772 praesidii,
625 697 710 752 dedit.
742 693 802 752 Hic
818 695 848 752 in
863 711 966 750 novem
980 691 1069 748 omni·
1090 692 1109 747 6

165 781 216 836 bus
242 779 360 853 ignotus
382 776 477 832 nautis
499 775 657 831 adscendit.
699 775 771 840 Quae
793 791 878 846 quum
899 781 1069 846 tempestate

164 857 291 912 maxime
319 856 437 912 Naxum
457 853 586 921 ferretur,
610 853 737 909 abitum
760 851 981 908 Atheniensium
1009 859 1070 906 erat

166 935 331 992 exercitus:
355 927 450 988 serisit
469 930 691 999 Themistocles,
707 932 733 986 si
753 951 790 987 eo
810 930 1000 1005 pervenisset,
1015 927 1070 983 sibi

167 1032 235 1070 esse
245 1011 434 1087 pereundum.
464 1009 713 1066 Hacneeessitate
726 1018 842 1064 coactus
854 1007 969 1066 domino
979 1007 1070 1077 narie,

166 1092 215 1166 qui
231 1092 278 1161 sit,
294 1090 396 1165 aperit,
411 1089 499 1144 muita
513 1086 666 1162 pellicens,
680 1088 706 1143 si
727 1107 759 1142 se
782 1095 992 1142 conservasset.
1034 1086 1072 1142 At
1091 1089 1109 1142 7

167 1171 228 1239 iile,
241 1168 395 1244 clarissimi
410 1167 460 1222 riri
478 1179 579 1240 eaptus
595 1165 800 1220 misericordia.
815 1166 890 1220 diem
904 1175 1071 1236 noctemque

169 1248 269 1323 procul
283 1248 318 1303 ab
331 1245 428 1302 insula
442 1246 471 1301 in
488 1252 549 1300 salo
570 1263 672 1299 navem
694 1244 785 1300 tenuit
799 1243 828 1300 in
843 1244 965 1310 ancoris,
979 1261 1071 1314 neque

170 1344 338 1399 quemquam
352 1343 389 1381 ex
404 1343 439 1380 ea
454 1324 534 1380 exire
550 1338 654 1397 passus
670 1331 723 1378 est.
761 1321 832 1378 Inde
848 1319 997 1394 Ephesum
1011 1339 1073 1396 per·

172 1403 257 1471 venit,
268 1404 362 1477 ibique
377 1403 609 1460 Themistoclem
625 1401 758 1475 exeoirit:
784 1401 830 1456 cui
844 1400 893 1456 iiie
906 1399 1074 1474 promeritis

171 1482 290 1557 gratiam
302 1493 404 1556 postea
418 1481 524 1538 retulit.

166 1560 266 1625 ξ-ηΙΧ.
299 1560 378 1627 Seio,
401 1560 554 1636 pleresque
578 1560 616 1616 ita
639 1577 808 1634 scripsisse,
836 1557 1075 1624 Themistoclem,
1099 1561 1109 1612 l

171 1639 272 1696 Xerxe
287 1649 432 1712 regnante,
446 1639 476 1694 in
490 1640 592 1695 Asiam
611 1640 763 1695 transisse.
807 1637 867 1694 Sed
889 1655 944 1711 ego
961 1636 1075 1710 potissi·

171 1737 251 1774 mum
260 1715 423 1792 Thucydidi
438 1717 533 1787 eredo,
545 1719 620 1791 quod
634 1728 715 1774 atate
730 1717 888 1792 proximus,
900 1715 947 1790 qui
962 1715 1074 1772 iliorum

140 1857 142 1860 ,
171 1807 330 1870 temporum
357 1795 506 1852 historiam
532 1798 715 1870 reliquemnt,
736 1806 764 1852 et
789 1795 920 1871 ejusdem
949 1793 1074 1851 civitatis

171 1875 233 1931 fuit.
275 1875 304 1931 Is
320 1885 412 1931 autem
433 1876 481 1942 ait,
496 1875 533 1932 ad
553 1877 742 1932 Artaxerxem
763 1893 828 1935 eum
842 1857 969 1943 dedisse,
990 1884 1074 1946 atque

171 1953 218 2009 his
230 1949 323 2010 ierbis
340 1953 491 2028 epistolam
501 1954 616 2010 misisse
628 1975 634 2011 ε
655 1953 851 2011 Themistocles
861 1957 924 2010 veni
934 1950 971 2010 od
982 1965 1016 2020 te,
1027 1953 1075 2027 qai
1094 1955 1113 2007 2

153 2053 155 2058 ·
167 2032 290 2110 plurima
312 2033 385 2088 mala
404 2033 522 2088 omniane
544 2033 692 2092 Graiorum
712 2035 742 2088 in
766 2031 872 2089 domum
891 2043 966 2088 worn
984 2032 1074 2099 intuli,

171 2131 253 2186 quam
274 2112 341 2168 miti
363 2129 472 2167 necesse
488 2109 559 2186 soit,
583 2113 717 2170 adversas
735 2122 844 2188 patrem
868 2123 944 2167 trram
967 2111 1075 2178 bellare,

166 2187 345 2266 patriamque
367 2209 454 2246 aream
481 2188 631 2266 defendere.
685 2191 762 2248 Idem
786 2191 869 2246 multo
894 2191 977 2265 pierre
1005 2189 1075 2246 bona
1097 2191 1114 2244 ³

174 2267 373 2345 [rursus]seei,
384 2280 530 2345 postquam
541 2273 570 2326 ie
585 2281 644 2326 tuto
659 2272 726 2346 epse,
738 2279 765 2325 et
781 2269 825 2326 ilie
841 2271 869 2325 in
879 2269 1001 2345 periculo
1015 2287 1076 2325 esse

111 2395 127 2403 ,,
172 2351 258 2425 cepit.
301 2347 475 2422 Numquam
495 2351 523 2404 ia
538 2351 638 2408 Asiam
662 2349 762 2405 reverti
781 2349 868 2414 uellet,
885 2348 982 2424 prelio
1003 2347 1078 2423 apud

173 2425 414 2502 Salamiaafaeto,
427 2427 528 2484 litteris
541 2449 600 2484 eam
614 2430 753 2484 certiorem
758 2425 828 2503 fiai,
843 2427 873 2482 id
887 2429 943 2502 agi,
954 2437 986 2482 ut
995 2445 1078 2501 pons,

170 2527 249 2582 quem
262 2507 292 2561 in
306 2503 487 2579 Hellesponto
494 2505 611 2580 fecerat,
631 2505 835 2570 dissolverem,
851 2515 931 2577 atque
946 2503 979 2558 ab
994 2505 1078 2560 hosti·

172 2587 224 2650 bas
245 2583 452 2638 circumiret-ur:
474 2603 525 2655 qao
544 2586 640 2638 nuntio
664 2583 710 2638 ate
725 2584 848 2661 periculo
871 2592 913 2637 est
935 2581 1076 2639 liberatas.

172 2661 261 2718 Nunc
281 2669 372 2713 autem
390 2655 504 2732 confugi
523 2659 559 2716 ad
581 2671 615 2725 te,
635 2658 795 2732 exagitatas
808 2679 826 2714 a
840 2669 937 2716 cancta
961 2659 1078 2730 Gracia,
1099 2667 1117 2718 4

174 2751 253 2796 taam
268 2745 368 2812 petens
386 2736 553 2791 amicitiam:
574 2737 695 2810 quamsi
714 2755 758 2792 ero
779 2736 970 2812 adoptatam
988 2741 1080 2798 minas

173 2837 217 2874 me
244 2816 343 2870 bonam
371 2813 486 2869 amicam
506 2815 625 2884 hebebis,
656 2833 737 2889 qaam
749 2814 855 2892 fortem
874 2819 1011 2874 inimicam
1033 2819 1079 2876 ille

173 2903 307 2972 expertae
320 2902 370 2948 est.
405 2892 454 2948 Ee
469 2904 558 2950 aetem
570 2915 645 2972 roge,
662 2905 691 2950 at
704 2895 736 2950 de
749 2895 794 2952 leis
806 2896 895 2966 redas,
910 2917 980 2974 qaas
993 2909 1079 2956 tecam

172 2973 293 3048 colloqui
303 2972 369 3041 volo,
385 2993 488 3030 aeaeae
501 2976 567 3032 miei
577 2976 706 3052 temporis
716 2975 772 3046 des,
787 2995 868 3052 eoque
882 2987 1023 3034 transacto
1042 2978 1079 3034 ad

172 3067 198 3111 te
212 3053 306 3110 venire
315 3053 447 3128 patiaris.
539 3058 543 3064 '
1117 3069 1122 3079 ·

176 3143 183 3205 2
197 3133 252 3200 JX.
275 3131 371 3207 Hujus
385 3149 440 3188 rex
449 3133 536 3190 animi
545 3133 770 3209 magnitudinem
781 3135 935 3202 admirans,
945 3135 1079 3210 cupiens·
1102 3139 1116 3192 l

172 3232 230 3286 que
240 3208 330 3274 tadem
342 3211 431 3266 virum
442 3211 497 3269 sibi
511 3211 671 3280 conciliari,
681 3213 793 3269 veniam
805 3213 894 3269 dedit.
931 3213 985 3270 ilie
994 3233 1079 3272 omne

172 3289 246 3348 iilud
259 3285 373 3361 tempus
384 3289 488 3344 litteris
503 3290 685 3362 sermonique
700 3291 855 3348 Persarum
866 3289 960 3349 dedit:
977 3293 1079 3366 quibus

174 3369 249 3426 adeo
279 3365 406 3422 eruditus
432 3376 486 3435 est,
506 3379 537 3424 ut
560 3369 650 3424 multo
672 3370 848 3426 commodius
872 3369 984 3426 dicatur
1006 3371 1081 3445 apud

173 3463 277 3522 regem
292 3445 380 3500 verba
400 3443 519 3513 secisse,
533 3465 619 3520 quam
632 3445 663 3501 hi
683 3458 822 3522 poterant,
836 3448 885 3520 qui
906 3447 936 3502 in
958 3447 1080 3506 Perside

174 3535 257 3584 eraut
271 3522 358 3580 natis¹
376 3522 436 3579 Hie
448 3540 531 3594 quum
541 3525 631 3580 midta
643 3525 704 3599 regi
720 3535 799 3582 esset
814 3525 969 3600 pollicitus,
982 3528 1080 3598 gratis·
1101 3532 1120 3583 2

174 3607 337 3675 sim'umque
349 3599 431 3668 illud,
443 3601 469 3655 si
480 3601 539 3657 siris
550 3601 593 3658 uti
602 3603 732 3659 consiliis
740 3604 839 3671 vellet,
848 3603 930 3658 illum
940 3602 1082 3662 Graeciam

148 3753 151 3758 Ι
174 3683 254 3742 bello
279 3687 511 3754 oppressurum-3*v
530 3679 644 3756 magnis
671 3674 838 3738 muneribus
863 3680 898 3735 ab
923 3681 1081 3738 Artaxerxe

175 3761 299 3822 donatus
314 3757 343 3816 in
358 3757 462 3816 Asiam
481 3759 575 3826 rediit,
592 3757 824 3828 domiciliumque
846 3756 1007 3828 Magnesiae
1028 3757 1084 3835 sihi
