2608 4300
431 421 433 426 ,
477 370 516 432 V.
557 377 582 432 l.
629 369 782 450 (Cimon.)
1045 375 1087 430 25

183 520 304 596 gloriam
316 517 393 592 turpi
402 527 491 573 morte
505 517 668 574 mandavit.
704 515 763 574 Hic
777 533 864 590 quum
877 514 965 572 semi·
1027 539 1066 580 ω

182 599 286 686 animis
301 597 341 654 de*
352 597 459 685 templo
470 596 561 682 elatus
577 603 665 664 esset,
676 594 828 686 confestim
842 593 967 678 anipram
993 589 1089 682 *⁸⁰⁴¹-

180 677 298 733 efflavit.
342 673 433 749 Cujus
455 684 558 729 mortui
587 692 688 748 corpus
712 691 798 747 quum
826 673 929 729 eodem
954 669 1125 728 nonnulhd

99 765 101 769 '
141 750 144 762 ¹
180 755 313 811 dicerent
338 752 438 810 inferri
467 762 607 825 oportere,
634 770 689 825 quo
712 751 753 820 hi,
777 751 825 824 qui
848 751 885 806 ad
911 749 1086 826 supplicium

180 844 281 890 essent
306 832 387 888 dati:
408 829 556 904 displicuit
575 830 711 904 pluribus,
731 839 760 884 et
779 829 879 904 procul
903 829 939 884 ab
959 846 996 885 eo
1019 829 1085 884 loco

178 889 370 978 infoderunt,'
387 925 442 984 quo
467 917 529 963 erat
551 917 687 964 mortuus.
701 907 708 964 j
739 907 811 963 Inde
835 905 979 981 posterius
1009 903 1084 983 [dei]

179 987 325 1062 Delphici
347 1003 489 1061 responso
511 995 618 1054 erutus,
633 995 715 1059 atque
737 985 838 1041 eodem
857 985 924 1042 loco
947 983 1086 1060 sepultus,

177 1067 227 1124 ubi
241 1066 337 1122 vitam
351 1073 496 1140 posuerat.

452 1485 494 1558 V.
566 1485 823 1560 CIM'ON.

479 1813 788 1874 ARGUMENTUM.

182 1935 282 1993 cAP.
299 1933 326 1990 I.
342 1931 434 1990 Heres
435 1944 614 2008 paternorum
624 1932 791 1990 vinculorum
802 1931 836 1990 ab
844 1951 928 1990 acore
942 1932 1082 1991 liberatur.

224 2013 268 2070 II.
290 2013 490 2088 Ejarvirtutes
501 2023 528 2067 et
541 2031 587 2067 ree
598 2023 702 2086 geste:
716 2011 826 2068 Persas
836 2012 926 2070 eodem
937 2011 980 2068 die
986 2011 1085 2070 'novali

138 2110 141 2114 ’
221 2103 248 2149 et
273 2091 399 2148 terrestri
414 2091 511 2166 prelio
533 2092 627 2147 vinca.
678 2089 739 2146 III.
774 2089 945 2146 Ostracismo
966 2091 1083 2164 ejicitur.

223 2171 382 2228 Revocares
400 2188 495 2246 pacem
517 2189 577 2224 cum
596 2167 812 2226 Lacedaemoniis
832 2169 968 2226 conciliat.
1014 2168 1085 2225 Citii

222 2251 346 2306 moritur.
388 2247 442 2304 IV.
471 2247 620 2304 Laudatur
632 2249 691 2321 ejas
702 2247 864 2304 liberalitas.

223 2406 247 2462 I.
270 2405 381 2472 Cimon,
391 2403 531 2460 Miltiadis
541 2403 627 2471 filius,
640 2402 837 2472 Atheniensis,
849 2402 919 2458 duro
934 2401 1085 2460 admodum
1108 2407 1121 2458 l

182 2484 263 2540 initio
276 2501 346 2538 usus
362 2493 407 2538 est
427 2481 642 2542 adolescentia.
684 2481 761 2537 Nam
780 2499 867 2554 quum
884 2490 967 2554 pater
1022 2503 1059 2543 409

182 2563 245 2637 ejus
260 2561 340 2617 litem
349 2562 522 2616 aestimatam
536 2561 642 2646 populo
657 2559 771 2614 solvere
785 2577 844 2613 non
857 2558 966 2630 potuis·
1002 2563 1023 2591 ⁸·
1032 2553 1055 2592 ⁰·
1065 2563 1086 2592 ¹¹·

181 2651 236 2708 set,
250 2640 285 2696 ob
301 2655 422 2710 eamque
439 2655 558 2691 cansam
568 2653 599 2690 1n
609 2636 734 2691 vinculis
748 2635 872 2708 publicis
887 2634 1082 2692 decessisset:
1096 2669 1102 2676 —

182 2717 286 2775 Cimon
301 2715 407 2773 eadem
428 2713 560 2768 custodia
579 2713 737 2780 tenebatur,
753 2729 858 2784 neque¹
868 2711 980 2786 legibus
996 2713 1084 2770 Athe·

137 2792 142 2802 *
179 2797 329 2852 niensium
350 2791 441 2846 emitti
459 2801 579 2864 poterat,
593 2790 651 2845 nisi
671 2789 901 2864 pecuniamque
920 2801 1001 2864 pater
1013 2793 1083 2864 mul-

179 2885 255 2950 tatus
279 2881 351 2937 erat,
380 2870 527 2926 solvisset.
570 2867 703 2926 Habebat
727 2879 820 2926 autem
846 2870 877 2926 in
903 2871 1120 2930 matrimonio2

178 2970 311 3008 sororem
326 2965 490 3024 germanam
504 2965 593 3017 suam,
608 2947 721 3004 nornine
738 2947 903 3023 Elpinicen,
917 2969 973 3008 non
987 2953 1080 3027 magis

182 3047 287 3096 amore,
308 3043 392 3102 quam
410 3045 488 3084 more
503 3027 622 3097 eluctus.
645 3027 740 3106 ,Nam
761 3027 987 3105 Atheniensibus
1009 3031 1081 3086 licet

182 3107 283 3166 eodem
297 3119 375 3182 patre
390 3120 471 3164 netas
486 3108 601 3167 uxores
613 3102 729 3164 ducere.
771 3107 866 3184 Hujus
888 3107 1017 3182 conjugii
1032 3125 1080 3166 cu·
1102 3113 1119 3166 3

182 3185 264 3260 pidus
287 3185 397 3243 Callias
418 3187 692 3264 quidam,non1tam
711 3203 880 3260 generosus,
895 3204 979 3258 quarn
991 3205 1080 3260 pecu·

181 3264 289 3333 niosus,
306 3265 355 3338 qui
377 3283 495 3338 magnas
516 3266 655 3338 pecunias
681 3259 718 3320 ex
738 3265 861 3321 metallis
876 3263 1001 3333 -fecerat,
1021 3264 1081 3338 egit

182 3360 246 3398 cum
263 3345 394 3411 Cimone,
407 3352 438 3396 ut
460 3361 525 3400 eam
549 3342 604 3398 sibi
628 3361 747 3400 uxorem
769 3342 865 3399 daret:
887 3341 918 3398 id
942 3342 968 3398 si
989 3343 1080 3416 impe-

82 3411 88 3436 ¹
181 3429 295 3489 nasset,
309 3439 342 3478 se
358 3439 408 3494 pro
419 3420 469 3475 illo
483 3420 637 3494 pecuniam
650 3421 816 3476 soluturum.
851 3419 882 3477 ls
894 3437 980 3492 quum
992 3419 1080 3475 talem
1100 3424 1119 3475 4

182 3499 375 3554 conditionem
384 3508 591 3572 aspernaretur,
601 3497 735 3572 Elpinice
744 3499 909 3572 negavit,se
921 3514 1080 3568 passuram,

181 3575 322 3632 Miltiadis
342 3577 511 3652 progeniem
528 3576 559 3632 in
580 3577 705 3634 vinculis
720 3577 844 3650 publicis
863 3573 991 3640 interire,
1012 3590 1080 3645 quo·

112 3655 115 3661 '
179 3654 259 3710 niam
282 3653 433 3793 lilfflhm
451 3664 562 3730 posset,
587 3672 675 3727 seque
698 3655 799 3712 Calliae
813 3661 973 3728 nupturam,
987 3649 1014 3705 si
1036 3667 1081 3717 ss,

181 3749 245 3806 quae
259 3751 297 3808 po
320 3733 450 3804 iceretur,
464 3732 655 3810 praestitisset.
